2307 3907
382 333 663 384 ORATIO
700 335 1121 385 PHILIPPICA
1157 335 1506 385 SECUNDA.
1736 337 1794 383 15

86 474 418 528 nominatim
440 474 783 540 exclamavit,
811 479 976 545 atque
1007 475 1059 528 ei
1092 479 1464 544 recuperatam
1486 474 1792 529 libertatem

86 565 175 613 est
200 560 520 626 gratulatus.
590 561 706 614 Cur
732 561 872 614 mihi
901 559 1281 630 potissimum?
1351 559 1496 629 Quia
1525 561 1795 615 sciebam?

87 646 238 700 Vide
275 665 343 701 ne
378 648 473 701 illa
509 666 668 703 causa
707 649 874 703 fuerit
911 648 1219 718 appellandi
1260 649 1385 715 mei,
1423 648 1584 717 quod,
1620 663 1795 717 quum

83 748 216 784 rem
247 735 492 800 gessisset
521 735 855 789 consimilem
886 735 1046 788 rebus
1082 735 1164 799 iis,
1197 752 1332 803 quas
1363 735 1476 803 ipse
1510 750 1794 802 gesseram,

24 796 188 899 >me
210 818 552 885 potissimum
575 825 803 874 testatus
819 825 917 884 est,
936 837 991 873 se
1015 818 1277 872 aemulum
1299 836 1546 872 mearum
1568 817 1794 872 laudum

24 906 25 909 ’
88 905 383 958 exstitisse.
455 908 540 960 29.
577 906 668 960 Tu
702 912 888 960 autem
922 905 1170 959 omnium
1204 904 1536 969 stultissime,
1570 921 1679 957 non
1716 905 1798 956 in-

87 989 315 1058 telligis,
338 992 385 1043 si
405 991 479 1057 id,
503 991 649 1061 quod
671 1009 760 1045 me
787 992 986 1060 arguis,
1009 991 1242 1045 voluisse
1263 991 1493 1044 interfici
1515 990 1794 1053 Caesarem,

89 1077 306 1129 crimen
329 1079 435 1132 sit:
469 1080 651 1145 etiam,
683 1079 925 1133 laetatum
962 1097 1073 1132 esse
1107 1086 1284 1132 morte
1322 1078 1557 1144 CoesariS,
1591 1078 1797 1131 crimen

90 1161 251 1215 esse?
321 1163 470 1231 Quid
500 1166 646 1218 enim
680 1165 902 1219 interest
934 1166 1076 1217 inter
1111 1181 1383 1218 suasorem
1413 1162 1559 1228 facti,
1590 1170 1646 1216 et
1677 1178 1799 1230 pro-

90 1246 382 1301 batorem2
436 1257 533 1303 aut
585 1250 718 1318 quid
764 1251 946 1315 refert,
992 1258 1185 1303 utrum
1230 1249 1496 1303 voluerim
1539 1248 1677 1312 fieri,
1728 1264 1799 1298 an

90 1331 368 1400 gaudeam
400 1333 645 1388 factum?
714 1334 918 1402 Ecquis
949 1341 1030 1388 est
1062 1335 1249 1403 igitur,
1271 1340 1327 1388 te
1357 1339 1600 1402 excepto,
1632 1337 1688 1385 et
1717 1332 1800 1398 iis,
1839 1401 1850 1408 ἦ

92 1420 199 1487 qui
219 1420 380 1473 illum
403 1439 625 1490 regnare
655 1421 975 1490 gaude-bant,
999 1421 1094 1490 qui
1122 1408 1261 1474 illud
1287 1428 1384 1473 aut
1405 1419 1524 1472 fieri
1545 1417 1799 1482 noluerit,

92 1512 199 1558 aut
221 1504 427 1560 factum
451 1506 804 1577 improbarit?
874 1507 1080 1561 Omnes
1103 1524 1229 1575 ergo
1252 1507 1309 1559 in
1333 1505 1509 1574 culpa.
1577 1505 1799 1558 Etenim

93 1608 290 1645 omnes
312 1592 455 1653 boni,
488 1600 755 1662 quantum
783 1594 841 1645 in
871 1593 1001 1661 ipsis
1029 1592 1155 1656 fuit,
1180 1591 1445 1645 Caesarem
1473 1589 1800 1651 occiderunt.

96 1677 243 1730 Aliis
279 1679 582 1745 consilium,
622 1680 742 1733 aliis
777 1679 1010 1744 animus,
1046 1680 1169 1732 aliis
1207 1678 1411 1732 occasio
1451 1676 1658 1730 defuit:
1707 1694 1800 1728 vo·-

97 1763 286 1834 lqntas
325 1767 544 1820 nemini.
612 1771 698 1821 30.
735 1766 836 1820 Sed
880 1772 1160 1834 stuporem
1199 1765 1463 1834 hominis„
1490 1763 1579 1817 vel
1625 1762 1799 1815 dicam

98 1850 341 1917 pecudis,
365 1852 640 1906 attendite.
699 1852 785 1904 Sic
808 1852 953 1904 enim
983 1851 1153 1904 dixit:
1192 1849 1274 1903 M.
1298 1852 1524 1914 Brutus,
1548 1865 1695 1916 quem
1718 1864 1802 1914 eqo

97 1938 312 1990 honoris
333 1957 493 1993 eausa
523 1942 750 2005 nomino,
780 1945 1058 1993 crumilum
1082 1939 1361 2006 puyionem
1384 1942 1579 1999 teum,
1605 1935 1804 1988 Cicero-

25 2013 55 2094 )
99 2043 219 2078 nem
238 2028 572 2082 exclamavit.-
605 2046 670 2082 az·
684 2036 783 2095 qu'o
800 2029 1014 2096 intelliyi
1037 2028 1188 2091 debet,
1207 2042 1324 2078 eum
1340 2023 1802 2089 eomciumfuisse.
1880 2073 1885 2079 .

102 2112 253 2181 Ergo
279 2132 379 2183 ego
411 2114 698 2169 sceleratus
726 2116 967 2185 appellor
999 2132 1033 2169 a
1070 2119 1143 2177 te,
1176 2129 1341 2182 quem
1375 2116 1441 2164 tu
1471 2112 1799 2180 suspicatum

100 2198 313 2268 aliquid
345 2202 653 2268 suspicaris:
693 2201 801 2267 ille,
828 2203 924 2271 qui
955 2200 1250 2254 stillantem
1277 2215 1388 2267 prae
1420 2215 1476 2252 se
1510 2199 1800 2268 pugionem

101 2287 252 2352 tulit,
293 2288 340 2339 is
380 2303 415 2340 a
454 2295 505 2341 te
552 2287 770 2341 honoris
805 2305 971 2358 causa¹
1003 2285 1354 2341 nominatur?
1427 2286 1586 2340 Esto:
1636 2288 1705 2341 sit
1745 2289 1801 2342 in

68 2366 82 2386 ⁸
103 2372 282 2425 verbis
328 2374 438 2425 tuis
477 2373 566 2427 hic
610 2379 833 2441 stuporz
881 2379 1085 2441 quanto
1121 2374 1181 2425 in
1221 2372 1381 2426 rebus
1421 2373 1802 2442 sententiisque

102 2457 322 2527 major?
393 2459 673 2512 Constitue
712 2458 831 2525 hoc,
867 2459 1070 2523 consul,
1112 2458 1436 2527 aliquando:
1484 2458 1801 2523 Brutorum,

103 2544 168 2599 C.
194 2545 384 2610 Cassii,
420 2546 520 2599 Cn.
562 2545 803 2610 Domitii,
818 2593 822 2597 .
840 2546 902 2599 C.
936 2545 1211 2611 Trebonii,
1247 2546 1600 2613 reliquorum,
1637 2563 1801 2615 quam

103 2632 240 2684 velis
270 2649 384 2685 esse
414 2649 662 2685 causam:
701 2632 907 2686 edormi
930 2630 1226 2700 crapulam,
1253 2632 1495 2700 inquam,
1518 2638 1573 2685 et
1596 2631 1802 2685 exhala.

103 2720 197 2770 An
218 2716 360 2770 faces
383 2717 725 2771 admovendae
753 2725 899 2784 sunt,
931 2735 1051 2785 quae
1083 2723 1138 2770 te
1168 2717 1425 2782 excitent,
1448 2721 1611 2770 tantae
1634 2734 1804 2770 causae

100 2802 556 2857 indormientem?
623 2804 992 2873 Nunquamne
1014 2803 1298 2872 intelliges,
1323 2804 1670 2858 statuendum
1703 2804 1803 2858 tibi

101 2905 233 2948 esse,
274 2897 465 2942 utrum
505 2889 606 2955 illi,
642 2891 739 2958 qni
778 2891 936 2944 istam
970 2907 1088 2943 rem
1119 2895 1415 2959 gesserunt,
1456 2888 1802 2942 homicidaene

102 2977 229 3041 sint,
254 2994 325 3030 an
348 2977 584 3031 vindices
609 2977 908 3032 libertatis?

203 3064 379 3125 XIII.
422 3067 506 3117 31.
572 3063 810 3119 Attende
847 3066 993 3118 enim
1047 3061 1360 3132 paullisper,
1403 3059 1806 3129 cogitationem-

41 3105 216 3218 ’que
265 3150 428 3203 sobrii
468 3150 704 3203 hominis
745 3149 1012 3219 punctum
1057 3146 1319 3215 temporis
1359 3146 1582 3213 suscipe.
1665 3143 1803 3211 Ege,

105 3238 205 3306 qui
240 3254 363 3290 snm
398 3236 638 3300 illorum,
674 3243 738 3289 ut
771 3237 886 3305 ipse
917 3235 1105 3295 fateor,
1141 3232 1457 3297 familiaris3
1493 3239 1558 3284 ut
1580 3249 1614 3285 a
1636 3236 1692 3284 te
1720 3248 1800 3284 ar-

106 3340 261 3391 guor,
297 3324 471 3376 socius
487 3341 505 3388 3
554 3340 691 3392 nego
726 3322 1027 3390 quidquam
1071 3337 1185 3373 esse
1228 3316 1502 3371 medium:
1548 3314 1805 3369 confiteor

105 3429 211 3478 coe,
235 3412 342 3466 nisi
375 3411 686 3466 liberatores
718 3408 909 3479 populi
939 3407 1172 3461 Romani
1194 3412 1703 3470 conservatoresque
1729 3402 1807 3454 rei

106 3498 337 3569 publicae
374 3499 497 3564 sint,
523 3497 648 3567 plus
682 3514 847 3566 quam
883 3496 1114 3560 sicarios,
1139 3494 1266 3562 plus
1288 3507 1454 3561 quam
1490 3487 1807 3553 homicidas,
