2307 3907
347 358 628 408 ORATIO
677 358 717 406 P
728 358 1104 407 HILIPPICA
1153 359 1501 408 SECUNDA.
1712 363 1769 408 31

66 520 182 572 quo
223 501 404 554 Caesar
448 501 506 553 in
547 508 754 566 senatu,
805 506 988 570 aperte
1029 501 1086 553 in
1125 507 1183 554 te
1230 501 1505 568 invehens,
1554 508 1776 571 questus

6 580 9 619 L
62 598 167 645 est.
242 588 603 642 proficiscitur
641 589 698 640 in
746 586 1067 655 Hispaniam
1106 587 1308 652 Caesar,
1344 589 1533 656 paucis
1570 588 1671 643 tibi
1705 590 1774 643 ad

62 675 389 730 solvendum
441 681 663 742 propter
721 672 960 741 inopiam
1020 678 1175 727 tuam
1225 676 1523 742 prorogatis
1568 674 1772 730 diebus.

63 762 160 815 Ne
189 767 313 816 tum
337 760 557 830 quidem
588 760 840 829 sequeris.
911 759 1054 812 Tam
1079 759 1251 813 bonus
1282 758 1546 827 gladiator
1577 760 1769 814 rudem

221 848 328 902 cito
359 844 646 915 accepisti?
718 844 884 898 Hunc
922 845 1089 914 igitur
1117 846 1426 913 quisquam,
1464 846 1641 913 quiin
1664 847 1776 900 suis

6 924 15 993 ξ
63 932 332 1002 partibus,
371 931 426 985 id
463 938 561 996 est,
613 932 673 984 in
714 931 825 984 suis
870 929 1120 998 fortunis,
1166 939 1283 984 tam
1319 931 1546 985 timidus
1590 931 1773 999 fuerit,

66 1018 455 1087 pertimescat?
626 1012 629 1017 ⁵

6 1098 9 1113 ⁸
175 1106 358 1158 XXX.
394 1104 479 1163 75.
525 1103 803 1157 Profectus
835 1108 916 1156 est
938 1101 1227 1170 aliquando
1252 1101 1470 1155 tandem
1494 1102 1554 1155 in
1574 1101 1773 1172 Hispa-

6 1190 7 1241 ]
64 1192 254 1245 niam:
290 1190 382 1244 sed
406 1196 547 1253 tuto,
585 1195 652 1243 ut
682 1189 777 1254 ait,
812 1189 1091 1256 pervenire
1122 1205 1233 1242 non
1255 1189 1450 1257 potuit.
1520 1189 1770 1258 Quonam

6 1266 9 1275 Γ
65 1277 230 1330 modo
267 1278 438 1346 igitur
478 1276 757 1330 Dolabella
792 1274 1073 1344 pervenit?
1143 1274 1261 1328 Aut
1291 1292 1402 1329 non
1433 1277 1770 1347 suscipienda

62 1363 173 1417 fuit
196 1365 298 1419 ista
321 1381 497 1429 causa,
523 1363 746 1428 Antoni,
771 1369 884 1428 aut,
910 1379 1084 1432 quum
1120 1364 1455 1432 suscepisses,
1482 1362 1769 1418 defenden-

68 1448 140 1501 da
174 1466 347 1517 usque
384 1448 453 1502 ad
494 1455 821 1501 extremum.
909 1447 1021 1500 Ter
1057 1446 1387 1516 depugnavit
1427 1447 1606 1502 Caesar
1644 1466 1770 1512 cum

64 1534 292 1600 civibus,
316 1535 375 1588 in
399 1534 693 1599 Thessalia,
719 1533 920 1598 Africa,
951 1534 1227 1602 Hispania.
1298 1534 1569 1589 Omnibus
1591 1536 1769 1591 adfuit

6 1608 9 1695 f
64 1620 152 1673 his
175 1621 372 1689 pugnis
400 1621 705 1675 Dolabella:
743 1621 801 1675 in
827 1621 1173 1690 Hispaniensi
1205 1621 1368 1675 etiam
1396 1621 1594 1676 vulnus
1624 1640 1769 1678 acce-

6 1704 7 1779 ]
66 1707 164 1776 pit.
245 1708 300 1761 Si
347 1708 412 1762 de
452 1726 573 1762 meo
617 1709 821 1778 judicio
862 1708 1094 1777 quoeris3
1143 1709 1360 1763 nollem.
1434 1709 1536 1762 Sed
1581 1714 1764 1765 tamen

6 1836 7 1839 η
64 1795 349 1848 consilium
373 1812 406 1848 a
428 1796 605 1863 primo
627 1794 1144 1864 reprehendendum,
1162 1795 1429 1849 laudanda
1452 1799 1763 1852 constantia.

6 1924 9 1966 f
69 1878 160 1932 Tu
186 1895 311 1933 vero
345 1881 476 1949 quid
507 1880 600 1935 esZ
663 1880 763 1934 Cn.
797 1880 1040 1949 Pompeii
1070 1881 1228 1935 liberi
1260 1881 1499 1950 primum
1531 1883 1765 1950 patriam
1814 1884 1820 1895 '

7 2015 33 2048 k
69 1968 399 2035 repetebant.
470 1968 602 2022 Esto
625 1986 639 2022 ε
674 1968 839 2022 fuerit
862 1967 976 2022 haec
999 1970 1239 2036 partium
1271 1986 1430 2022 causa
1451 1971 1767 2024 communis.

7 2049 49 2134 1
71 2053 408 2122 Repetebant
445 2062 700 2123 praeterea
737 2055 863 2108 deos
898 2062 1134 2122 penates,
1177 2055 1394 2123 patrios,
1431 2072 1566 2120 aras,
1605 2055 1766 2123 focos,

8 2141 11 2208 y
68 2137 239 2191 larem
276 2156 437 2192 suum
486 2139 808 2193 familiarem
824 2157 842 2204 ;
892 2140 951 2192 in
991 2156 1110 2208 quae
1158 2143 1221 2193 tu
1262 2138 1548 2193 invaseras·
1634 2139 1767 2194 Haec

8 2217 9 2222 '
69 2241 243 2291 quum
276 2231 580 2293 repeterent
611 2225 776 2279 armis
809 2225 871 2289 ii,
903 2240 1138 2293 quorum
1172 2228 1328 2278 erant
1358 2223 1565 2291 legibus
1580 2225 1768 2278 :-etsi

67 2311 123 2362 in
170 2310 333 2364 rebus
384 2311 733 2379 iniquissimis
779 2311 911 2379 quid
958 2315 1133 2380 potest
1179 2327 1292 2363 esse
1338 2310 1477 2378 aequi
1492 2309 1768 2364 Z—tamen

70 2414 234 2464 quem
281 2403 395 2451 erat
449 2398 835 2467 aequissimum,
881 2404 1068 2451 contra
1121 2396 1225 2451 Cn.
1284 2395 1526 2464 Pompeii
1572 2396 1768 2451 liberos

68 2484 347 2553 pugnare?
372 2479 375 2482 ¹
397 2482 601 2554 quem?
653 2484 751 2548 Te,
788 2490 1063 2538 sectorem.
1147 2483 1233 2545 76.
1283 2483 1373 2535 An
1411 2492 1473 2535 tu
1511 2481 1766 2536 Narbone

67 2588 277 2625 mensas
313 2571 589 2640 hospitum
628 2567 985 2635 convomeres,
1022 2568 1301 2623 Dolabella
1331 2585 1429 2637 pro
1460 2572 1515 2621 te
1546 2569 1603 2620 in
1640 2568 1765 2622 His-

67 2656 229 2722 pania
251 2654 567 2710 dimicaret?

172 2740 285 2808 Qui
302 2757 430 2794 vero
455 2741 706 2795 Narbone
722 2740 928 2794 reditus
941 2738 1214 2794 ‘c—Etiam
1245 2740 1530 2807 quaerebat,
1553 2757 1652 2793 cur
1667 2758 1764 2809 ego

69 2845 142 2879 ex
177 2826 292 2894 ipso
323 2843 485 2880 cursu
515 2833 630 2880 tam
663 2826 842 2880 subito
871 2826 1223 2880 revertissem.
1296 2825 1543 2894 Exposui
1572 2844 1763 2894 nuper,

72 2913 256 2966 Patres
279 2913 582 2980 conscripti,
608 2930 823 2967 causam
849 2910 1052 2967 reditus
1073 2913 1197 2965 mei.
1267 2911 1448 2977 Volui,
1466 2911 1512 2965 si
1535 2930 1763 2981 possem,

13 3000 233 3098 {etiam
279 3005 403 3054 ante
452 2999 724 3054 Kalendas
768 2999 1055 3053 «Ianuarias
1100 2999 1347 3068 prodesse
1393 3000 1474 3054 rei
1519 3000 1761 3069 publicae.

14 3075 125 3184 “N
125 3100 232 3150 am,
257 3085 402 3153 quod
427 3085 716 3154 quaerebas,
741 3084 1007 3154 quomodo
1032 3085 1320 3140 redissem:
1358 3087 1597 3154 primum
1622 3087 1761 3152 luce,

62 3187 177 3223 non
219 3170 488 3234 tenebris;
537 3170 725 3223 deinde
772 3158 898 3223 cuin
945 3168 1133 3222 calceis
1179 3178 1236 3224 et
1281 3179 1421 3240 toga,
1462 3171 1629 3225 nullis
1662 3189 1761 3226 nec

70 3257 306 3321 Gallicis,
331 3274 431 3310 nec
464 3256 691 3310 lacerna.
761 3255 838 3310 At
868 3257 1032 3310 etiam
1062 3255 1292 3325 adspicis
1312 3274 1420 3321 me,
1443 3262 1499 3311 et
1523 3257 1759 3325 quidem,

69 3352 131 3397 ut
178 3345 391 3409 viderie,
440 3344 623 3397 iratus.
718 3342 817 3396 Nae
869 3349 936 3398 tu
985 3344 1105 3412 jam
1155 3360 1370 3397 mecum
1416 3344 1475 3396 in
1530 3343 1758 3412 gratiam

67 3429 265 3495 redeas,
302 3430 349 3482 si
386 3429 533 3493 scias,
572 3447 738 3498 quam
777 3447 864 3484 me
903 3431 1105 3498 pudeat
1140 3429 1396 3499 nequitiae
1432 3435 1559 3496 tuae,
1600 3431 1759 3500 cujus

66 3522 117 3567 te
160 3515 343 3583 ipsum
390 3530 500 3566 non
545 3514 727 3582 pudet.
813 3514 904 3568 Ex
950 3515 1195 3569 omnium
1242 3514 1495 3568 omnibus
1538 3513 1756 3583 flagitiis

17 3615 23 3656 l
