2307 3907
516 360 579 404 32
966 359 1041 406 M.
1079 358 1332 407 TULLII
1379 359 1760 411 cxcERoms
1837 341 1840 345 ’

517 491 732 546 nullum
755 493 970 562 turpius
995 493 1122 558 vidi,
1146 493 1366 546 nullum
1388 494 1587 548 audivi.
1656 495 1770 564 Qui
1787 496 2044 565 magister
2067 497 2222 567 equi·
2249 532 2254 539 -

516 583 638 631 tum
670 576 832 631 fuisse
866 577 1248 644 tibi‘viderere,
1282 579 1342 631 in
1376 580 1688 647 proximum
1728 598 1936 641 annum,
1974 572 2223 651 consula-⁴

516 670 636 717 tum
671 670 895 732 peteres,
931 664 1019 717 vel
1051 665 1231 734 potius
1262 683 1512 734 rogares3
1546 666 1593 720 is
1622 685 1721 736 per
1750 669 2046 739 municipia
2077 668 2224 727 coio-

518 751 740 820 niasque
773 750 980 816 Galliae,
1014 768 1047 804 a
1079 768 1188 820 qua
1223 769 1320 805 nos
1350 758 1489 819 tum,
1522 771 1694 822 quum
1728 755 2035 810 consulatus
2069 763 2226 826 pete-

518 836 695 902 batur,
750 852 859 889 non
914 836 1223 905 rogabatur,
1272 843 1451 905 petere
1500 839 1839 894 consulatum
1895 841 2226 908 solebamus

519 941 645 978 cum
670 923 890 976 Gallicis
914 928 969 977 et
990 923 1204 977 lacerna
1226 925 1524 978 cucurristi.
2094 982 2101 991 ,

620 1010 832 1064 XXXI.
876 1008 986 1083 177.
1022 1009 1100 1063 At.
1146 1010 1322 1065 videte
1370 1012 1646 1066 levitatem
1660 1013 1935 1069 'hominia
2022 1015 2224 1084 Quum

518 1098 652 1153 hora
688 1098 794 1151 diei
835 1096 1042 1150 decima
1077 1097 1189 1150 fere
1227 1098 1294 1151 ad
1334 1098 1477 1153 Saxa
1512 1100 1675 1153 rubra
1713 1101 1959 1166 venisset,
1999 1101 2225 1156 delituit

494 1185 576 1251 *in
600 1184 832 1252 quadam
857 1182 1175 1250 cauponula,
1200 1190 1365 1251 atque
1397 1183 1471 1236 ibi
1506 1202 1561 1237 se
1594 1185 1881 1250 occultam,
1914 1188 2228 1254 perpotavit
2261 1184 2268 1192 “

519 1269 586 1323 ad
626 1285 940 1337 vesperam3
981 1267 1105 1321 inde
1147 1267 1274 1321 cisio
1316 1268 1559 1322 celeriter
1597 1268 1665 1321 ad
1707 1269 1899 1322 urbem
1939 1270 2225 1337 advectus,

519 1358 741 1410 domum
779 1356 928 1410 venit
963 1356 1136 1425 capite
1174 1355 1433 1408 involuto.
1514 1355 1741 1417 «Ianitor,
1784 1358 1971 1426 “Quis
2008 1363 2070 1411 tu
2089 1356 2224 1412 3”—

516 1445 553 1470 “
571 1443 621 1495 A
648 1442 830 1495 Marco
854 1441 1213 1495 tabellarius.”
1284 1442 1581 1497 Confestim
1605 1444 1673 1497 ad
1701 1461 1838 1508 eam,
1864 1445 2025 1513 cujus
2048 1462 2221 1499 causa

523 1534 773 1593 venerat3
825 1529 984 1597 eique
1026 1528 1306 1596 epistolam
1349 1529 1586 1584 tradidit.
1672 1531 1852 1599 Quam
1901 1548 2076 1598 quum
2123 1531 2229 1586 illa

521 1615 722 1684 legeret
743 1613 894 1678 flens,
920 1612 1066 1683 (crat
1099 1615 1245 1667 enim
1278 1616 1474 1683 scripta
1503 1617 1798 1682 amatoric3
1836 1622 2001 1683 caput
2029 1621 2226 1669 autem

522 1702 821 1766 literarum,
860 1700 961 1754 sibi
997 1719 1122 1754 cum
1162 1701 1257 1755 illa
1288 1703 1457 1756 mima
1492 1702 1713 1771 posthac
1753 1703 1889 1756 nihil
1927 1703 2222 1756 futurum:

524 1804 739 1841 omnem
763 1805 818 1840 se
849 1804 1086 1841 amorem
1119 1788 1372 1857 abjecisse
1406 1789 1563 1855 illim,
1595 1795 1758 1857 atque
1789 1790 1846 1842 in
1877 1788 2015 1842 hanc
2046 1794 2229 1842 trans-

522 1873 722 1928 fudisse
741 1871 787 1942 :)
813 1890 987 1947 quum
1024 1874 1226 1927 mulier
1261 1875 1415 1929 fleret
1452 1876 1688 1941 uberius,
1727 1874 1890 1928 homo
1921 1875 2230 1928 misericors

523 1960 661 2014 ferre
684 1977 794 2013 non
824 1960 1040 2028 potuit3
1081 1966 1244 2029 caput
1275 1962 1525 2027 aperuit3
1566 1962 1622 2014 in
1647 1961 1846 2015 collum
1884 1962 2096 2015 invasit.
2169 1961 2226 2015 O
2295 1948 2307 2048 4

524 2046 800 2099 hominem
846 2044 1110 2113 nequam!
1168 2041 1327 2114 (quid
1383 2045 1528 2097 enim
1574 2045 1723 2099 aliud
1770 2045 1986 2099 dicam?
2045 2047 2229 2114 magis
2269 2070 2307 2096 A

526 2134 739 2203 proprie
763 2132 901 2185 nihil
924 2149 1142 2200 possum
1166 2131 1340 2184 dicere
1360 2129 1404 2200 :)
1430 2148 1572 2199 crgo,
1595 2136 1660 2184 ut
1683 2138 1737 2185 te
1760 2133 2094 2199 catamitum,
2119 2150 2227 2185 nec

525 2222 742 2289 opinato
761 2237 932 2288 quum
951 2218 1282 2282 ostendisseS,
1301 2225 1496 2287 praeter
1517 2236 1668 2286 spem
1691 2220 1889 2272 mulier
1906 2220 2227 2288 adspiceret,

432 2325 435 2328 ’
523 2307 717 2359 idcirco
749 2305 938 2358 urbem
969 2309 1173 2358 terrore
1209 2309 1490 2370 nocturno,
1527 2305 1741 2358 ltaliam
1772 2304 2073 2359 multorum
2107 2305 2226 2357 die-

523 2409 647 2447 rum
688 2396 841 2445 metu
877 2389 1241 2459 perturbasti?
1309 2390 1394 2451 78.
1449 2392 1519 2445 Et
1553 2393 1700 2445 domi
1737 2392 1956 2460 quidem
1999 2409 2222 2445 causam

524 2477 721 2531 amoris
760 2475 985 2540 habuit3
1036 2474 1166 2528 foris
1205 2477 1368 2529 etiam
1410 2478 1723 2545 turpiorem,
1764 2494 1833 2530 ne
1877 2477 1937 2531 L.
1981 2476 2224 2530 Plancus

523 2562 727 2632 praedes
761 2579 885 2615 suos
921 2560 1190 2615 venderet.
1262 2561 1561 2616 Productus
1599 2569 1783 2616 autem
1816 2562 1871 2614 in
1904 2562 2220 2615 concionem

525 2668 557 2703 a
595 2649 811 2703 tribuno
842 2649 1036 2717 plebis,
1078 2666 1252 2717 quum
1289 2649 1659 2717 respondisses,
1698 2654 1753 2701 te
1790 2648 1869 2701 rei
1909 2652 2017 2700 tuae
2057 2665 2222 2701 causa

523 2736 744 2800 venisse,
783 2734 1046 2803 populum
1086 2734 1249 2788 etiam
1291 2733 1523 2787 dicacem
1561 2733 1621 2785 in
1655 2737 1710 2787 te
1746 2732 2037 2786 reddidisti.
2112 2732 2216 2785 Sed

520 2823 681 2876 nimis
703 2821 879 2875 multa
902 2821 965 2875 de
989 2822 1164 2890 nugis·
1234 2820 1320 2874 Ad
1343 2822 1450 2890 maj
1458 2838 1552 2875 ora
1567 2821 1861 2875 veniamus·

632 2915 876 2969 XXXII.
940 2914 1134 2968 Caesari
1170 2933 1237 2967 ex
1276 2913 1537 2983 Hispania
1571 2914 1815 2968 redeunti
1850 2914 2066 2968 obviam
2101 2914 2221 2968 lon-

522 3001 736 3070 gissime
759 3000 1073 3069 processisti.
1143 2999 1403 3053 Celeriter
1433 2999 1539 3064 isti,
1565 3000 1765 3064 redisti,
1788 3006 1853 3052 ut
1876 3009 2218 3068 cognosceret
2265 3057 2274 3066 ,

524 3095 595 3151 te,
633 3087 677 3139 si
715 3086 897 3138 minus
932 3085 1144 3150 fortem,
1177 3091 1416 3138 attamen
1452 3089 1749 3137 strenuum.
1834 3084 2034 3138 Factus
2071 3102 2129 3137 es
2164 3085 2217 3138 ei
2280 3067 2307 3108 Ἀ

524 3190 724 3238 rursus,
744 3171 920 3225 nescio
945 3171 1229 3239 quomodo,
1247 3170 1539 3225 familiaris.
1603 3171 1849 3226 Habebat
1871 3171 1973 3225 hoc
1997 3173 2220 3226 omnine

524 3260 734 3314 Caesart
783 3276 946 3328 quem
984 3258 1142 3325 plane
1183 3249 1455 3327 perditum
1493 3276 1593 3312 aere
1629 3258 1802 3312 alieno
1841 3267 2215 3328 egentemque,

523 3348 566 3401 si
591 3347 824 3400 eundem
842 3363 1075 3414 nequam
1099 3345 1376 3398 hominem
1399 3344 1764 3413 audacemque
1781 3353 2051 3415 cognorat,
2070 3346 2218 3401 hunc

525 3433 580 3485 in
605 3431 1025 3486 familiaritatem
1057 3430 1405 3496 libentissime
1429 3431 1733 3499 recipiebat.
1801 3431 1834 3491 7
1836 3435 1884 3486 9.
1925 3431 2030 3485 His
2051 3433 2221 3501 igitur

525 3518 683 3571 rebus
705 3516 956 3586 praeclare
973 3516 1393 3580 commendatus,
1412 3517 1595 3586 jussus
1617 3536 1672 3572 es
1695 3520 1992 3573 renuntiari
2016 3520 2223 3588 consul,
