2307 3907
526 333 591 379 26
971 334 1046 381 Μ.
1084 333 1337 381 TULLII
1384 333 1767 383 CICERONIS

525 475 696 529 secuti
734 482 891 540 sunt:
929 481 993 529 tu
1029 478 1264 543 quaesisti
1304 477 1527 531 ducem:
1567 484 1766 541 tamen,
1809 494 1878 530 ne
1915 476 2064 545 apud
2101 475 2220 529 illos

525 577 612 614 me
648 561 707 613 in
738 560 994 615 invidiam
1024 579 1195 627 voces,
1217 561 1357 615 nihil
1387 563 1452 616 de
1482 580 1673 631 genere
1695 561 1825 615 belli
1848 561 2041 615 dicam.
2098 560 2220 615 Vic-

525 655 611 700 tor
646 665 677 701 e
715 647 991 702 Thessalia
1036 648 1390 702 Brundisium
1429 667 1556 703 cum
1596 648 1895 718 legionibus
1932 649 2218 701 revertisti.

530 734 612 788 lbi
648 752 738 788 me
774 752 885 789 non
921 737 1174 791 occidisti.
1248 736 1512 804 Magnum
1550 733 1900 790 beneficium!
1972 735 2220 790 Potuisse

524 819 671 872 enim
707 820 893 875 fateor.
963 822 1313 891 Quamquam
1351 839 1511 875 nemo
1551 826 1668 876 erat
1706 838 1911 886 eorum,
1958 822 2057 889 qui
2095 832 2221 875 tum

524 910 706 959 tecum
742 905 982 974 fuerunt,
1027 908 1124 975 qui
1170 906 1307 960 mihi
1342 923 1453 960 non
1486 912 1722 961 censeret
1758 907 1907 975 parci
1954 904 2220 975 oporte‘re.

525 995 608 1046 60.
645 993 823 1047 Tanta
859 1000 939 1048 est
963 994 1110 1047 enim
1147 993 1341 1047 caritas
1378 993 1577 1060 patriae,
1623 1000 1687 1046 ut
1717 993 1905 1046 vestris
1940 994 2104 1046 etiam
2142 992 2223 1045 le·-
2301 1056 2302 1061 Ἰ

525 1080 773 1149 gionibus
803 1087 1019 1135 sanctus
1043 1097 1231 1145 essem,
1260 1079 1405 1148 quod
1445 1096 1566 1132 eam
1605 1095 1640 1133 a
1678 1096 1766 1132 me
1802 1083 2067 1132 servatam
2104 1096 2220 1132 esse
2301 1132 2302 1135 ,

526 1167 905 1221 meminissent.
993 1166 1094 1221 Sed
1131 1166 1233 1232 fac,
1280 1165 1335 1218 id
1373 1170 1427 1218 te
1465 1165 1666 1218 dedisse
1712 1164 1865 1231 mihi,
1914 1165 2056 1234 quod
2105 1183 2220 1218 non

523 1254 786 1320 ademisti,
825 1271 1022 1323 meque
1058 1271 1092 1306 a
1128 1259 1184 1307 te
1219 1252 1417 1306 habere
1453 1253 1639 1319 vitam,
1675 1253 1805 1321 quia
1843 1270 1952 1306 non
1988 1270 2020 1305 a
2056 1258 2113 1307 te
2146 1253 2221 1307 sit

524 1347 737 1409 erepta:
785 1341 1010 1395 licuitne
1047 1341 1189 1395 mihi
1227 1358 1326 1410 per
1365 1346 1488 1394 tuas
1526 1340 1879 1395 contumelias
1913 1341 2017 1395 hoc
2052 1345 2219 1394 tuum

523 1426 841 1481 beneficium
884 1428 967 1481 ‘sic
1013 1428 1177 1493 tueri,
1222 1433 1288 1481 ut
1332 1426 1545 1491 tuebar,
1590 1427 1887 1495 praesertim
1940 1444 2113 1497 quum
2159 1432 2220 1480 te

524 1511 637 1564 haec
672 1513 986 1566 auditurum
1024 1511 1268 1566 videres?

628 1598 804 1652 XXV.
845 1602 930 1653 61.
966 1599 1177 1654 Venisti
1208 1599 1580 1665 Brundisium,
1600 1599 1658 1652 in
1693 1600 1874 1652 sinum
1904 1599 2124 1666 quidem
2160 1606 2220 1653 et

523 1686 581 1740 in
617 1687 966 1755 complexum
1001 1693 1108 1740 tuae
1129 1686 1385 1739 mimulae.
1455 1685 1603 1754 Quid
1628 1684 1748 1740 esti
1783 1704 1917 1740 num
1944 1686 2220 1741 mentior?

523 1771 705 1840 Quam
737 1774 996 1827 miserum
1035 1779 1115 1828 est
1152 1774 1209 1827 id
1241 1791 1435 1843 negare
1472 1790 1581 1827 non
1612 1791 1780 1842 posse,
1814 1774 1956 1841 quod
1994 1775 2066 1827 sit
2103 1781 2223 1828 tur—

523 1858 807 1926 pissimum
847 1859 1123 1915 confiteri!
1196 1861 1252 1914 Si
1288 1866 1343 1914 te
1370 1861 1789 1930 municipiorum
1812 1878 1922 1914 non
1944 1860 2220 1929 pudebat:

524 1962 593 1997 ne
631 1946 871 2000 veterani
909 1946 1126 2016 quidem
1177 1945 1489 2002 exercitus?
1540 1946 1663 2016 quis
1708 1947 1854 2001 enim
1901 1945 2057 2000 miles
2090 1946 2221 2013 fuit,

524 2032 620 2099 qui
661 2031 937 2086 Brundisii
976 2032 1126 2090 illam
1168 2049 1279 2085 non
1323 2030 1556 2086 viderit?
1619 2033 1759 2100 quis,
1809 2032 1906 2100 qui
1952 2031 2223 2098 nescierit,

526 2117 730 2170 venisse
769 2120 898 2171 eam'
935 2123 1017 2171 tot
1057 2117 1160 2172 tibi
1205 2117 1413 2171 dierum
1461 2117 1607 2171 viam
1653 2115 2028 2187 gratulatum?
2076 2119 2224 2186 quis,

525 2205 623 2273 qui
660 2221 768 2257 non
805 2203 1112 2269 indoluerit,
1150 2210 1265 2257 tam
1305 2221 1422 2257 sero
1452 2221 1526 2269 se,
1567 2221 1731 2271 quam
1771 2220 2007 2271 nequam
2043 2202 2226 2258 homi-

525 2308 650 2345 nem
687 2295 902 2344 secutus
941 2300 1096 2355 esset,
1130 2289 1481 2359 cognoscere?
1552 2293 1636 2345 62.
1674 2289 1842 2343 Italiae
1883 2306 2068 2343 rursus
2097 2309 2225 2359 per-

525 2377 758 2430 cursatio
795 2375 984 2429 eadem
1022 2375 1219 2430 comite
1260 2376 1464 2443 mima3
1503 2377 1560 2429 in
1595 2376 1792 2445 oppida
1826 2375 2066 2429 militum
2097 2394 2225 2430 cru-

525 2461 660 2515 delis
694 2469 751 2516 et
787 2462 981 2516 misera
1012 2461 1297 2528 deducti03
1342 2463 1401 2516 in
1436 2462 1570 2515 urbe
1607 2463 1746 2527 auri,
1782 2461 2007 2529 argenti,
2044 2463 2223 2515 maxi-

526 2563 723 2614 meque
758 2547 888 2613 vini,
919 2545 1064 2600 foeda
1088 2547 1332 2616 direptio.
1403 2546 1657 2613 Accessit,
1681 2553 1761 2613 ut,
1788 2547 1995 2601 Caesare
2017 2547 2225 2616 ignaro,

527 2650 701 2701 quum
738 2637 878 2688 esset
913 2633 1006 2686 ille
1046 2632 1408 2701 Alexandriae,
1456 2633 1711 2689 beneficio
1750 2633 2044 2688 amicorum
2084 2634 2135 2703 ej
2143 2652 2224 2699 us,
2303 2689 2304 2710 χ

527 2719 783 2795 magister
812 2721 1061 2788 equitum
1095 2722 1528 2777 constitueretur.
1598 2722 1747 2776 Tum
1784 2722 2136 2789 existimavit,
2171 2740 2227 2776 se
2303 2719 2304 2806 1

526 2822 623 2858 suo
656 2805 780 2874 jure
820 2822 945 2858 cum
987 2805 1195 2874 Hippia
1234 2808 1430 2873 virere,
1469 2812 1524 2859 et
1560 2824 1729 2875 equos
1773 2806 2060 2876 vectigales
2107 2807 2226 2862 Ser·
2303 2813 2304 2820 ’

528 2890 618 2958 gio
657 2889 826 2943 mimo
866 2891 1092 2945 tradere.
1166 2891 1315 2945 Tum
1360 2892 1462 2946 sibi
1501 2908 1612 2945 non
1656 2890 1811 2956 hanc,
1864 2909 2028 2961 quam
2076 2911 2226 2948 nunc

528 2974 668 3028 male
722 2980 926 3042 tuetur,
986 2976 1077 3030 sed
1126 2976 1207 3030 M.
1242 2976 1448 3032 Pisonis
1492 2976 1734 3041 domum,
1795 2977 1891 3030 ubi
1936 2977 2224 3044 habitaret,
2291 2981 2305 3032 A

526 3061 743 3130 legerat.
825 3062 975 3131 Quid
1018 3081 1116 3133 ego
1156 3064 1312 3116 istius
1356 3064 1585 3129 decreta,
1625 3064 1757 3132 quid
1804 3066 2035 3133 rapinas,
2091 3049 2305 3180 quidss

527 3146 889 3202 hereditatum
918 3149 1269 3216 possessiones
1292 3149 1458 3214 datas,
1496 3148 1630 3217 quid
1665 3153 1876 3218 ereptas
1913 3149 2224 3218 proferam?

529 3233 768 3303 Cogebat
804 3239 1041 3302 egestas:
1080 3250 1190 3301 quo
1227 3251 1283 3287 se
1320 3241 1568 3300 verteret,
1609 3252 1720 3289 non
1756 3235 2002 3291 habebat.
2072 3238 2132 3290 N
2131 3255 2224 3291 on-

529 3322 660 3374 dum
708 3321 760 3374 ei
792 3326 946 3374 tanta
989 3337 1023 3373 a
1069 3320 1131 3373 L.
1170 3320 1396 3386 Rubrio,
1443 3337 1552 3373 non
1597 3338 1631 3374 a
1675 3321 1737 3374 L.
1779 3320 2024 3376 Turselio
2071 3323 2226 3377 here-

528 3406 668 3458 ditas
711 3411 965 3470 venerat3
1011 3403 1252 3458 nondum
1299 3405 1360 3458 in
1407 3404 1506 3458 Cn.
1555 3405 1799 3474 Pompeii
1839 3407 2038 3471 locum,
2079 3409 2224 3463 mul·

530 3500 819 3560 torumque
859 3490 1109 3555 aliorum,
1162 3491 1259 3559 qui
1288 3491 1526 3557 aberant,
1570 3493 1885 3561 repentinus
1918 3492 2074 3548 heres
2107 3513 2225 3548 suc·
