2307 3907
23 116 2095 239 μ

327 375 611 426 ORATIO
647 375 1063 425 PHILIPPICA
1099 375 1448 425 SECUNDA.
1675 380 1739 427 35

23 535 213 587 luum
250 523 445 572 auctor
472 518 625 586 regni
655 535 810 583 esses,
836 534 981 584 eum,
1005 534 1170 586 quem
1202 517 1458 588 collegam
1492 518 1740 586 habebas,

23 603 336 656 dominum
360 601 557 656 habere
580 602 774 656 velles:
812 609 868 656 et
897 603 1041 656 idem
1076 608 1323 669 tentarcS,
1349 605 1480 672 quid
1511 605 1745 674 populus

23 687 334 741 Romanus
366 686 505 740 ferre
539 693 596 740 et
626 687 740 755 pati
771 694 960 756 posset.
1029 690 1113 742 86.
1150 686 1227 742 At
1258 689 1421 742 etiam
1451 690 1748 744 misericor-

23 772 188 825 diam
241 771 525 840 captabas:
577 770 812 839 supplex
844 776 898 824 te
932 770 1000 824 ad
1045 771 1205 839 pedes
1247 773 1563 841 abjiciebas;
1615 775 1748 843 quid

23 850 281 927 petens?
318 864 390 912 ut
416 857 676 912 servire&
733 858 860 912 Tibi
889 859 988 911 uni
1020 863 1244 927 peteres,
1278 860 1375 928 qui
1407 860 1484 913 ita
1514 877 1548 913 a
1578 878 1747 929 puero

31 947 286 1010 vixeraS,
322 952 390 998 ut
424 947 603 999 omnia
637 940 892 1014 paterere,
927 951 991 998 ut
1024 944 1179 998 facile
1225 945 1476 999 servires:
1530 963 1563 999 a
1597 946 1750 1001 nobis

34 1031 371 1100 populoque
393 1032 636 1085 Romano
661 1031 977 1084 mandatum
1000 1030 1055 1083 id
1079 1036 1221 1085 certe
1244 1049 1354 1085 non
1382 1031 1627 1086 habebas
1697 1032 1748 1086 O

34 1118 371 1186 praeclaram
425 1118 578 1171 illam
624 1117 988 1186 eloquentiam
1034 1122 1205 1182 tuam,
1253 1135 1426 1186 quum
1472 1136 1529 1172 es
1572 1119 1752 1173 nudus

40 1203 441 1259 concionatus!
474 1204 625 1275 Quid
647 1203 749 1257 hoc
770 1201 1022 1271 turpius?
1056 1203 1188 1271 quid
1209 1203 1442 1259 foedius?
1474 1206 1603 1274 quid
1626 1223 1752 1275 sup-

41 1291 228 1361 pliciis
246 1292 500 1346 omnibus
517 1291 729 1360 dignius
745 1289 767 1344 ’ζ
821 1290 974 1343 Num
991 1295 1284 1358 exspectas,
1299 1290 1430 1344 dum
1448 1297 1503 1345 te
1520 1292 1754 1347 stimulis

47 1375 300 1431 fodiam?
336 1376 448 1430 haec
482 1382 555 1443 te,
586 1376 633 1430 si
662 1375 834 1428 ullam
865 1379 1074 1443 partem
1107 1373 1273 1428 habes
1306 1392 1506 1442 sensus,
1539 1376 1753 1444 lacerat,

46 1461 165 1516 haec
189 1468 443 1517 cruentat
465 1463 649 1516 oratic.
721 1459 938 1526 Vereor,
962 1476 1030 1512 ne
1060 1459 1384 1513 imminuam
1414 1478 1751 1515 summorum

50 1548 301 1601 virorum
319 1548 562 1617 gloriam.
621 1545 815 1599 Dicam
833 1551 1015 1598 tamen
1032 1543 1213 1597 dolore
1232 1550 1548 1600 commotus
1602 1546 1750 1615 Quid

53 1634 351 1704 indignius,
385 1651 552 1703 quam
587 1633 767 1686 vivere
807 1647 952 1695 eum,
990 1630 1087 1698 qui
1131 1631 1445 1698 imposuerit
1491 1631 1765 1700 diadema,

58 1737 236 1789 quum
260 1737 446 1773 omnes
468 1719 740 1772 fateantur
756 1717 880 1786 jure
905 1714 1249 1770 interfectum
1275 1733 1406 1781 esse,
1429 1718 1525 1784 qui
1547 1717 1753 1787 abjece-
1841 1752 1844 1753 ν

60 1805 173 1861 rit?
233 1804 322 1864 87.
358 1804 435 1860 At
460 1805 622 1858 etiam
645 1802 873 1857 adscribi
891 1802 1053 1871 jussit
1075 1802 1133 1855 in
1155 1802 1306 1856 fastis
1327 1804 1395 1857 ad
1419 1804 1751 1873 Lupercalia,

65 1893 126 1948 O.
162 1893 406 1960 cmm,
442 1910 737 1947 mcrA‘rom
783 1908 1088 1956 PERPE'ruo,
1138 1890 1217 1943 M.
1268 1889 1587 1959 Auromtm,
1628 1909 1754 1945 con-

68 1999 262 2047 summ,
297 1991 494 2035 rorum
524 1997 683 2034 sussu
718 1996 953 2032 asarum
988 1994 1299 2044 narumssss,
1333 1977 1618 2033 CAESAREM
1659 1998 1753 2034 στι

69 2094 334 2130 Νοιυιεεε.
401 2074 441 2128 J
441 2075 642 2144 amjam
672 2073 896 2126 minime
926 2073 1112 2138 miror,
1137 2078 1192 2125 te
1211 2073 1383 2126 otium
1405 2074 1752 2142 perturbare,

71 2180 176 2216 uon
208 2163 365 2216 modo
399 2161 591 2215 urbem
625 2159 810 2226 odisse,
842 2159 931 2213 sed
968 2160 1133 2213 etiam
1168 2158 1379 2226 lucem;
1415 2177 1542 2213 cum
1577 2162 1753 2230 perdi-

75 2249 286 2303 tissimis
333 2247 631 2302 latronibus
679 2264 788 2299 non
831 2245 1007 2299 solum
1055 2245 1120 2298 de
1175 2245 1280 2311 die,
1333 2246 1424 2299 sed
1476 2248 1642 2301 etiam
1694 2250 1754 2303 in

79 2335 215 2388 diem
240 2335 430 2388 vivere.
505 2333 607 2386 Ubi
638 2333 783 2386 enim
807 2342 873 2386 tu
901 2333 959 2386 in
991 2350 1119 2401 pace
1146 2332 1433 2388 consistesl
1486 2336 1582 2404 qui
1604 2335 1754 2390 locus

80 2421 174 2475 tibi
195 2422 252 2474 in
272 2420 476 2490 legibus
497 2426 553 2473 et
576 2420 634 2472 in
652 2419 868 2488 judiciis
890 2436 1000 2472 esse
1023 2424 1216 2487 potest,
1241 2437 1359 2489 quae
1382 2426 1464 2487 tu,
1489 2429 1752 2490 quantum

86 2507 140 2559 in
166 2511 219 2561 te
241 2505 361 2571 fuit,
387 2505 665 2558 dominatu
685 2505 830 2574 regio
853 2503 1152 2559 sustulistiZ
1208 2506 1403 2560 Ideone
1433 2507 1496 2560 L.
1524 2507 1573 2559 T
1574 2509 1755 2577 arqui-

88 2592 200 2646 nius
222 2599 454 2656 exactuS,
475 2591 655 2659 Spurii
680 2589 909 2657 Cassiae,
932 2591 1159 2658 Maelius,
1187 2593 1264 2646 M.
1291 2593 1545 2659 Manlius,
1562 2596 1754 2662 necati,

90 2683 149 2730 ut
178 2675 358 2730 multis
390 2678 511 2744 post
544 2674 734 2728 seculis
764 2692 798 2728 a
830 2675 907 2728 M.
945 2676 1198 2742 Antonio,
1230 2678 1371 2744 quod
1410 2678 1501 2732 fas,
1515 2676 1623 2734 non
1657 2687 1754 2747 est,

92 2778 183 2815 rex
204 2760 378 2813 Romae
401 2757 854 2813 constitueretur?
906 2759 1008 2813 Sed
1029 2760 1097 2813 ad
1120 2763 1355 2831 auspicia
1376 2764 1669 2819 redeamus

187 2845 407 2900 XXXV.
444 2849 528 2899 88.
565 2845 649 2898 De
681 2846 878 2914 quibus
908 2847 1070 2901 rebus
1096 2848 1283 2903 Idibus
1320 2850 1532 2905 Martiis
1562 2852 1668 2907 fuit
1698 2855 1758 2908 in

100 2938 270 2988 senatu
300 2932 473 2986 Caesar
500 2937 736 2999 acturus,
762 2951 939 3003 quaero
971 2941 1092 2988 tum
1124 2942 1187 2989 tu
1212 2937 1343 3005 quid
1366 2925 1572 3007 egisses.
1644 2941 1758 2995 Au-

44 2995 87 3082 15-
103 3020 290 3075 diebam
311 3020 525 3089 quidem
548 3026 603 3074 te
620 3026 869 3088 paratum
888 3021 1112 3088 venisse,
1132 3023 1278 3091 quod
1299 3040 1388 3077 me
1405 3024 1471 3078 de
1488 3029 1761 3082 ementitis

46 3079 341 3190 ti'ffuspioiis,
365 3106 560 3175 quibus
591 3111 775 3160 tamen
804 3123 991 3175 parere
1021 3125 1234 3188 necesse
1257 3116 1388 3176 erat,
1410 3117 1627 3179 putares
1649 3131 1759 3169 esse

76 3205 81 3214 ·
105 3194 364 3248 dicturum.
436 3192 666 3246 Sustulit
687 3192 846 3246 illum
870 3194 1014 3247 diem
1042 3194 1281 3248 Fortuna
1303 3196 1490 3264 populi
1513 3197 1758 3254 Romani.

107 3277 241 3333 Num
263 3280 414 3333 etiam
436 3283 598 3332 tuum
621 3277 686 3332 de
709 3279 960 3347 auspiciis
977 3279 1248 3348 judicium
1271 3280 1521 3335 interitus
1545 3281 1762 3339 Caesaris

110 3365 336 3420 sustulit?
386 3364 487 3418 Sed
509 3364 671 3418 incidi
688 3364 818 3418 inid
841 3370 1073 3434 tempus,
1098 3366 1241 3435 quod
1265 3367 1333 3420 iis
1354 3367 1528 3435 rebuS,
1547 3369 1606 3423 in
1627 3389 1762 3440 quas

78 3481 85 3486 -
112 3451 314 3519 ingressa
338 3456 448 3504 erat
470 3450 665 3517 ssorati0,
689 3449 1115 3519 praevertendum
1139 3457 1234 3504 est.
1305 3451 1440 3519 Quae
1469 3459 1565 3506 tua
1596 3454 1756 3524 fuga!

115 3555 214 3606 quae
232 3536 441 3592 formido
463 3537 714 3606 praeclaro
739 3536 832 3591 illo
857 3535 974 3591 die!
1013 3554 1132 3605 quae
1150 3543 1371 3606 propter
1387 3539 1760 3595 conscientiam

1468 3622 1605 3676 3—2
