2307 3907
408 327 688 378 ORATIO
736 328 1157 378 PHILIPPICA
1202 330 1551 379 SECUNDA.
1764 333 1826 387 27

115 475 376 522 cesserat.
446 470 580 524 Erat
604 472 655 523 ei
686 471 980 524 vivendum
1016 471 1291 525 latronum
1327 472 1472 537 ritu„
1496 477 1561 526 ut
1609 477 1824 526 tantum

112 552 370 622 haberet,
407 561 675 624 quantum
710 574 897 625 rapere
931 558 1207 625 potuisset.

233 643 321 695 63.
373 642 475 697 Sed
530 643 659 709 haec,
718 661 837 713 quae
895 643 1209 697 robustioris
1265 643 1624 713 improbitatis
1680 651 1827 711 sunt,

114 727 474 783 omittamus:
523 729 814 799 loquamur
839 731 1023 799 potius
1057 730 1122 784 de
1156 731 1482 799 nequissimo
1520 749 1711 800 genere
1748 732 1824 786 le-

57 802 83 867 b
116 815 329 870 vitatis.
401 817 491 872 Tu
536 819 651 872 istis
695 817 958 884 faucibus,
1004 819 1121 872 istis
1161 819 1434 883 lateribuS,
1482 819 1584 872 ista
1622 819 1823 887 gladia·

115 901 267 955 toria
303 903 469 957 totius
506 905 740 972 corporis
779 904 1056 969 firmitate,
1102 909 1318 958 tantum
1357 904 1472 957 vini
1508 905 1564 957 in
1604 903 1678 956 H
1663 922 1820 972 ippiae

113 986 333 1055 nuptiis
369 988 708 1059 eghauseras,
740 996 804 1042 ut
835 989 935 1041 tibi
969 1006 1180 1042 necesse
1215 994 1355 1043 esset
1394 989 1451 1042 in
1491 990 1679 1059 populi
1714 990 1821 1044 Ro-

113 1074 274 1128 mani
319 1083 607 1144 conspectu
654 1094 869 1130 vomere
906 1078 1208 1145 postridie.·
1260 1076 1311 1129 Ο
1352 1093 1470 1129 rem
1514 1093 1623 1129 non
1662 1076 1820 1130 modo

117 1158 249 1212 visu
295 1159 517 1226 foedam,
568 1160 661 1215 sed
697 1160 862 1215 etiam
908 1161 1130 1217 auditu!
1205 1162 1261 1214 Si
1309 1162 1452 1215 inter
1488 1179 1713 1225 coenam,
1761 1162 1816 1214 in

117 1243 254 1312 ipsis
291 1245 402 1298 tuis
445 1246 776 1300 immanibus
821 1245 930 1299 illis
969 1247 1193 1315 poculis,
1241 1247 1343 1300 hoc
1388 1247 1489 1300 tibi
1529 1247 1816 1312 accidisset,
1879 1245 1893 1263 ‘

119 1330 249 1398 quis
294 1347 405 1384 non
449 1337 610 1400 turpe
651 1333 870 1386 duceret
886 1331 908 1386 ’ἔ
996 1333 1064 1385 Ιιι
1115 1337 1263 1387 coetu
1309 1350 1436 1386 vero
1474 1333 1663 1400 populi
1709 1333 1815 1385 Ro-

114 1416 289 1481 mani,
336 1417 614 1484 negotium
658 1417 940 1486 publicum
990 1434 1196 1486 gerenS,
1248 1419 1504 1486 magister
1547 1419 1813 1486 equitum,

116 1500 211 1552 cui
251 1507 464 1555 ructare
511 1507 672 1570 turpe
719 1509 871 1569 esset,
920 1502 966 1555 is
1012 1519 1251 1567 vomens»,
1288 1502 1474 1556 frustis
1513 1503 1812 1568 esculentis,

114 1587 311 1640 vinum
347 1587 726 1653 redolentibus,
763 1589 1033 1658 gremium
1065 1606 1227 1642 suum
1267 1595 1323 1642 et
1361 1594 1538 1645 totum
1577 1588 1812 1644 tribunal
1855 1609 1863 1616 ·

114 1672 384 1741 implevit.
455 1673 556 1727 Sed
601 1673 704 1728 hoc
739 1675 854 1743 ipse
893 1674 1097 1729 fatetur
1135 1692 1247 1728 esse
1287 1675 1347 1728 in
1386 1675 1497 1729 suis
1534 1674 1809 1729 sordibus:

112 1756 400 1812 veniamus
434 1760 501 1813 ad
534 1761 826 1829 splendida.

222 1840 430 1899 XXVI.
478 1847 564 1898 64.
615 1846 792 1900 C'aesar
839 1846 1168 1900 Alexandria
1201 1864 1259 1900 se
1299 1847 1517 1914 recepit,
1562 1844 1711 1912 felix,
1745 1856 1808 1900 ut

113 1929 218 1984 sibi
259 1931 480 2000 quidem
515 1932 833 1988 videbatur:
881 1950 1004 1988 mea
1054 1940 1239 1987 autem
1276 1934 1556 1999 sententia,
1599 1935 1696 2003 qui
1729 1927 1808 1989 rei

112 2017 343 2086 publicae
399 2020 468 2073 sit
525 2019 734 2085 infelix,
792 2020 949 2074 felix
976 2028 1088 2075 esse
1145 2037 1306 2074 nemo
1357 2027 1546 2090 potest.
1636 2022 1807 2077 Hasta

112 2105 289 2172 posita
337 2124 435 2174 pro
483 2108 593 2163 aede
633 2108 672 2160 J
673 2109 785 2162 ovis
840 2108 1078 2171 Statoris,
1136 2108 1292 2174 bona,
1350 2104 1634 2177 (miserum
1682 2108 1801 2164 me!

111 2195 445 2262 consumptis
481 2196 627 2248 enim
661 2196 911 2259 lacrimis,
947 2202 1130 2250 tamen
1170 2194 1376 2248 infixus
1411 2196 1591 2250 animo
1638 2193 1803 2248 haeret

111 2275 309 2346 dolor,)
342 2278 498 2345 bona,
533 2280 777 2349 inquam,
802 2279 902 2333 Cn.
930 2280 1172 2349 Pompeii
1198 2280 1402 2349 Magni,
1424 2282 1545 2334 voci
1577 2280 1801 2359 acerbis—

108 2363 256 2416 simae
290 2365 532 2435 subjecta
552 2369 822 2436 praeconis.
892 2369 1013 2422 Una
1034 2370 1093 2421 in
1113 2366 1210 2422 illa
1243 2385 1301 2421 re
1336 2370 1607 2423 servitutis
1635 2368 1801 2422 oblita

109 2449 296 2503 civitas
331 2451 614 2521 ingemuit,
655 2456 1117 2524 servientibusque
1163 2455 1374 2522 animiS,
1413 2472 1584 2523 quum
1618 2457 1798 2509 omnia

107 2540 260 2589 metu
296 2541 626 2603 tenerentur,
662 2541 896 2609 gemitus
941 2548 1124 2593 tamen
1159 2540 1349 2609 populi
1397 2540 1627 2595 Romani
1661 2541 1797 2596 liber

106 2622 230 2678 fuit.
303 2624 754 2691 Exspectantibus
790 2626 1060 2692 omnibus,
1098 2628 1349 2695 quisnam
1383 2634 1520 2681 esset
1543 2635 1656 2682 tam
1695 2630 1795 2682 im·

107 2710 244 2777 pina,
288 2716 400 2762 tam
437 2709 673 2774 demens,
725 2718 840 2764 tam
879 2710 980 2764 diis
1021 2710 1440 2782 hominibusque
1476 2714 1660 2781 hostis,
1698 2717 1794 2785 qui

104 2797 171 2852 ad
207 2797 343 2851 illud
379 2796 552 2851 scelus
586 2797 833 2852 sectionis
861 2799 1082 2853 auderet
1121 2801 1387 2867 accedere,
1424 2802 1677 2858 inventus
1711 2810 1792 2857 est

105 2899 278 2948 nemo,
326 2888 524 2951 praeter
569 2884 889 2950 Antonium,
923 2888 1217 2954 praesertim
1270 2904 1441 2956 quum
1489 2893 1570 2942 tot
1616 2898 1790 2944 essent

103 2968 302 3021 circum
337 2967 547 3021 hastam
583 2968 752 3031 illam,
789 2970 886 3037 qui
930 2970 1037 3023 alia
1075 2972 1259 3025 omnia
1291 2972 1564 3028 auderent.
1636 2974 1790 3029 Unus

101 3053 348 3106 inventus
378 3059 475 3117 est,
514 3053 610 3122 qui
650 3054 707 3106 id
743 3055 982 3120 auderet,
1022 3055 1169 3124 quod
1199 3058 1458 3111 omnium'
1473 3045 1696 3129 fugisset
1733 3067 1788 3115 et

99 3140 489 3194 reformidasset
512 3140 748 3196 audacia.
819 3146 902 3197 65.
941 3142 1153 3196 Tantus
1177 3145 1349 3213 igitur
1376 3151 1433 3200 te
1469 3153 1659 3216 stupor
1692 3166 1785 3218 op-

97 3227 300 3296 pressit,
330 3227 435 3292 vel‚
465 3234 529 3281 ut
565 3230 746 3282 verius
775 3229 968 3297 dicam,
1006 3237 1190 3285 tantus
1225 3232 1394 3299 furor,
1432 3242 1497 3289 ut
1524 3236 1782 3303 primum,

98 3330 266 3381 quum
303 3318 476 3367 sector
519 3314 591 3367 sis
636 3315 741 3369 isto
785 3315 900 3369 loco
939 3309 1135 3382 natus,
1165 3316 1354 3372 deinde
1401 3337 1574 3388 quum
1623 3320 1781 3375 Pom-

95 3398 199 3465 peii
232 3404 419 3465 sector,
451 3417 562 3453 non
595 3405 650 3454 te
683 3409 1022 3456 exsecratum
1045 3404 1247 3471 populo
1272 3404 1531 3470 Romano,
1560 3424 1670 3460 non
1692 3406 1782 3461 de-

96 3483 406 3550 testabilem,
445 3503 555 3540 non
591 3498 777 3540 omnes
813 3487 914 3541 tibi
953 3488 1096 3553 deos,
1144 3505 1253 3543 non
1294 3507 1478 3545 onmes
1517 3490 1777 3559 homines,
