2307 3907
568 381 631 426 20
1018 376 1094 424 M.
1133 346 1388 424 'runnu
1434 372 1818 425 clcERoms

568 520 712 595 genii
757 517 982 573 acuendi
1032 534 1194 570 causa
1234 515 1561 570 declamitas
1633 514 1709 568 Et
1741 530 1869 567 vero
1904 512 2157 566 adhibes
2197 513 2281 581 jo<

566 625 726 665 causa
759 606 1097 674 magistrum,
1122 603 1376 672 suffragio
1403 609 1497 656 tuo
1534 607 1588 656 et
1624 608 2007 670 compotorum
2034 605 2281 653 tuorum

566 694 853 759 rhetorem,
890 692 980 746 cui
1013 691 1332 755 concessisti,
1369 696 1431 743 ut
1467 690 1525 742 in
1558 693 1633 754 te,
1670 705 1791 756 quae
1827 687 2015 752 vellet,
2058 686 2281 739 diceret

566 779 769 837 salsum
802 777 1020 831 omnino
1055 775 1364 828 hominem:
1401 773 1494 827 sed
1529 773 1756 826 materia
1790 771 1964 825 facilis
2003 777 2095 825 est
2133 771 2204 823 in
2242 776 2281 823 t«

568 874 624 923 et
656 867 715 919 in
747 871 871 918 tuos
905 864 1047 917 dicta
1081 862 1271 916 dicere.
1343 859 1480 913 Vide
1504 866 1707 923 autem,
1733 858 1864 926 quid
1888 858 2117 911 intersit
2142 858 2281 910 inte]

569 959 624 1006 te
673 957 728 1005 et
779 967 946 1004 avum
996 955 1175 1002 tuum.
1247 945 1350 999 Ille
1399 944 1597 998 sensim
1646 943 1873 1008 dicebat,
1912 943 2064 1011 quod
2114 959 2281 996 causa

581 1037 854 1106 prodesset
869 1053 888 1101 3
924 1040 988 1088 tu
1023 1033 1226 1087 cursim
1263 1031 1395 1084 dicis
1428 1029 1617 1082 aliena.
1689 1031 1775 1082 43.
1812 1024 1888 1081 At
1911 1032 2129 1095 quanta
2154 1043 2281 1079 mer

574 1141 660 1177 ces
694 1121 898 1175 rhetori
932 1120 1058 1173 data
1092 1115 1210 1172 est!
1282 1115 1502 1180 Audite,
1532 1114 1733 1179 audite,
1759 1112 1943 1167 Patres
1975 1113 2281 1181 conscripti

666 1207 964 1277 cognoscite
997 1204 1076 1258 rei
1100 1201 1328 1272 publicae
1353 1200 1594 1254 vulnera.
1636 1250 1640 1255 ,
1664 1199 1791 1251 Duo
1814 1197 1990 1251 millia
2019 1197 2281 1266 jugerun:

578 1295 758 1363 campi
783 1291 1033 1353 Leontini
1058 1290 1182 1344 Sex.
1206 1286 1395 1341 Clodio
1420 1285 1621 1339 rhetori
1644 1283 1940 1352 assignasti,
1977 1290 2032 1334 et
2065 1281 2281 1349 quiden:

579 1380 861 1441 immunia,
886 1383 950 1430 ut
979 1374 1172 1444 populi
1204 1371 1436 1426 Romani
1467 1375 1621 1423 tanta
1650 1367 1897 1420 mercede
1920 1365 2063 1419 nihil
2097 1382 2281 1433 sapere

581 1469 821 1522 disceres,
891 1464 1046 1517 Num
1071 1462 1235 1516 etiam
1258 1459 1377 1526 hoc,
1396 1457 1559 1511 homo
1574 1455 1945 1518 audacissime,
1965 1471 2041 1506 ex
2060 1453 2281 1506 Caesaris

579 1547 1012 1608 commentariis?
1074 1546 1176 1600 Sed
1210 1545 1385 1598 dicam
1419 1543 1526 1597 alio
1550 1541 1665 1595 loco
1688 1546 1743 1594 et
1767 1541 1831 1593 de
1860 1539 2123 1592 Leontino
2149 1556 2281 1607 agro

582 1651 636 1695 et
660 1642 726 1694 de
749 1639 1057 1706 Campano:
1096 1649 1232 1702 quos
1256 1632 1353 1684 iste
1377 1647 1532 1698 agros
1555 1633 1765 1696 creptos
1789 1626 1866 1689 rei
1886 1625 2136 1694 publicae,
2168 1632 2281 1678 tur-

583 1725 814 1795 pissimis
847 1719 1232 1792 possessoribus
1265 1715 1587 1786 inquinavit.
1657 1712 1787 1766 Jam
1822 1712 1987 1778 enim,
2021 1712 2276 1779 quoniam

583 1812 898 1868 criminibus
920 1810 1039 1878 ejus
1061 1808 1189 1861 satis
1210 1803 1477 1873 respondi,
1493 1802 1558 1855 de
1582 1801 1698 1869 ipso
1724 1799 2064 1854 emendatore
2090 1805 2141 1852 et
2166 1817 2280 1852 cor-

585 1904 788 1952 rectore
821 1900 1003 1948 nostro
1038 1891 1285 1962 quaedam
1320 1888 1543 1942 dicenda
1573 1894 1718 1939 sunt.
1788 1884 2073 1937 Nec'enim
2098 1885 2274 1938 omnia

493 1973 503 1985 ’
586 1984 880 2046 effundam,
904 1985 984 2046 ut,
1009 1979 1054 2033 si
1089 1977 1283 2046 saepius
1317 1973 1698 2028 decertandum
1722 1971 1808 2037 sit,
1831 1977 1895 2024 ut
1927 1971 2046 2036 erit,
2071 1987 2276 2038 semper

588 2088 760 2126 novus
794 2068 1046 2123 veniam:
1085 2081 1251 2134 quam
1285 2055 1600 2115 facultatem
1635 2058 1775 2112 mihi
1810 2058 2103 2112 multitudo
2126 2058 2275 2111 istius

590 2158 848 2220 vitiorum
881 2160 1333 2222 peccatorumque
1368 2148 1614 2217 largitur.

691 2241 910 2297 XVIII.
937 2244 1020 2294 44.
1073 2238 1237 2292 Visne
1260 2237 1429 2306 igitur
1453 2242 1507 2288 te
1529 2234 1920 2302 inspiciamusa
1936 2229 2137 2300 puero?
2192 2230 2268 2283 Sic

595 2334 799 2403 opinor.
871 2328 924 2382 A
946 2326 1211 2398 principio
1239 2324 1529 2378 ordiamur.
1586 2321 1832 2375 Tenesne
1854 2320 2127 2383 memoria,
2153 2335 2270 2385 prae-

595 2424 870 2477 textatum
896 2421 948 2469 te
972 2408 1289 2467 decoxisse?
1345 2411 1381 2437 “
1397 2408 1591 2473 Patris,
1611 2406 1840 2475 inquieS,
1858 2405 1961 2458 ista
1981 2402 2135 2471 culpa
2157 2399 2273 2455 est.''

595 2503 857 2562 Concedo.
899 2500 1116 2554 Etenim
1132 2503 1214 2551 est
1231 2495 1445 2565 pietatis
1463 2493 1623 2562 plena
1636 2490 1887 2545 defensio.
1944 2487 2084 2541 Illud
2100 2493 2265 2541 tamen

594 2590 828 2648 audaciae
863 2592 988 2651 tuae,
1027 2582 1171 2652 quod
1207 2580 1389 2635 sedisti
1423 2580 1481 2632 in
1514 2576 1946 2646 quattuordecim
1992 2572 2259 2634 ordinibus

598 2694 772 2750 quum
818 2679 956 2728 esset
988 2672 1106 2740 lege
1142 2669 1335 2722 Roscia
1368 2664 1735 2721 decoctoribus
1768 2668 1947 2715 certus
1986 2661 2125 2714 locus
2157 2676 2262 2712 con-

601 2769 840 2827 stitutus
865 2759 1115 2829 quamvis
1150 2758 1273 2825 quis
1302 2756 1530 2810 fortunae
1556 2752 1707 2817 vitio,
1730 2768 1839 2805 non
1862 2766 1958 2803 suo
1982 2747 2280 2808 decuisset„

604 2849 889 2921 Sumpsisti
913 2846 1141 2906 virilem,
1167 2861 1333 2913 quam
1361 2841 1546 2895 statim
1568 2838 1891 2892 muliebrem
1918 2842 2086 2904 togam
2110 2832 2259 2887 reddi·

605 2942 744 2998 disti.
795 2938 980 2992 Primo
1014 2933 1237 3001 vulgare
1261 2935 1534 2993 scortum3
1570 2931 1715 2979 certa
1739 2923 1931 2992 flagitii
1954 2938 2156 2984 merces,
2178 2935 2280 3002 nec}

606 3050 668 3085 ea
700 3042 897 3098 parva3
937 3021 1027 3075 sed
1063 3020 1170 3073 cito
1194 3018 1361 3072 Curio
1385 3013 1693 3077 intervenit,
1719 3011 1816 3081 qui
1839 3017 1892 3063 te
1928 3027 1960 3062 a
1990 3007 2256 3061 meretricio
2279 3013 2280 3036 ἒ

609 3118 817 3187 quaestu
851 3106 1099 3171 abduxit,
1123 3110 1196 3170 et,
1218 3109 1502 3170 tamquam
1537 3098 1730 3161 stolam
1767 3095 2006 3161 dedisset,
2029 3096 2081 3147 in
2101 3066 2281 3147 matri-4

609 3203 788 3261 monio
813 3194 991 3251 stabili
1023 3197 1078 3246 et
1108 3195 1254 3245 certo
1285 3189 1495 3242 locavit.
1565 3189 1650 3239 45.
1685 3185 1864 3238 Nemo
1886 3199 2114 3252 unquam
2143 3198 2235 3250 pue

609 3296 826 3359 emptus
863 3280 1102 3337 libidinis
1141 3294 1317 3342 causa,
1355 3281 1470 3330 tam
1509 3273 1618 3327 fuit
1663 3271 1722 3325 in
1767 3269 1971 3324 domini
2013 3273 2253 3337 potestate,

611 3392 774 3449 quam
810 3376 873 3425 tu
909 3369 966 3421 in
1002 3364 1268 3419 Curionis.
1332 3360 1557 3429 Quoties
1589 3364 1645 3411 te
1678 3362 1832 3426 pater
1864 3356 1980 3425 ejus
2009 3354 2154 3408 domu
2174 3369 2251 3405 sua

611 3456 808 3535 ejecit?
835 3452 1045 3524 quoties
1068 3448 1312 3503 custodes
1334 3445 1530 3514 posuit,
1555 3460 1623 3496 ne
1645 3441 1813 3495 limen
1836 3438 2087 3493 intrares?
2109 3447 2266 3508 quum·

615 3549 676 3607 tu
712 3554 915 3605 tamen,
955 3542 1110 3591 nocte
1151 3534 1309 3599 socia,
1345 3531 1595 3585 hortante
1636 3527 1873 3592 libidine,
1912 3530 2113 3595 cogente
2144 3539 2256 3577 mer-
