2307 3907
447 373 512 421 46
727 369 1006 421 ORATIO
1042 368 1462 419 PHILIPPICA
1499 369 1850 418 SECUNDA.

445 521 500 568 te
529 520 595 568 ιιι
621 512 844 567 videris:
882 529 978 581 ego
1016 511 1082 565 de
1112 529 1202 565 me
1231 512 1345 580 ipse
1376 511 1679 580 profitebor.
1749 510 1978 566 Defendi
2013 529 2141 565 rem
2301 566 2307 575 ,

444 599 715 670 publicam
761 598 1096 663 adolescens,
1135 616 1246 652 non
1297 598 1536 652 deseram
1582 616 1777 652 senex:
1833 601 2139 666 contempsi
2254 594 2307 643 ‘l

445 685 690 740 Catilinae
730 683 947 752 gladios,
993 701 1102 737 non
1148 684 1522 752 pertimescam
1562 689 1699 738 tuos·
1767 684 1919 753 Quin
1964 685 2138 738 etiam
2305 664 2307 687 Ι

444 788 636 840 corpus
675 770 904 824 libenter
948 769 1254 833 obtulerim,
1291 769 1338 821 si
1382 767 1747 836 repraesentari
1790 773 1963 822 morte
2006 765 2145 821 mea

443 856 661 910 libertas
691 854 920 908 civitatis
950 858 1161 922 potest3
1209 854 1327 906 119.
1358 858 1424 907 ut
1445 852 1733 921 aliquando
1764 852 1915 906 dolor
1941 853 2140 921 populi
2202 762 2307 1079 *{

447 941 678 995 Romani
693 941 882 1009 pariat,
905 938 1049 1008 quod
1067 939 1278 1008 jamdiu
1301 938 1564 1008 parturit!
1630 938 1844 993 Etenim
1868 941 1912 994 si
1934 940 2138 994 abhinc

443 1044 610 1081 annos
647 1043 814 1095 prope
853 1025 1046 1094 viginti
1089 1025 1192 1078 hoc
1232 1024 1348 1093 ipso
1393 1024 1452 1077 in
1493 1024 1696 1093 templo
1741 1027 1932 1094 negavi
1976 1042 2138 1094 posse

445 1117 675 1166 mortem
707 1112 1052 1164 immaturam
1085 1127 1197 1163 esse
1221 1109 1515 1164 consulari:
1555 1117 1754 1178 quanto
1778 1112 1955 1165 verius
1984 1128 2140 1166 nunc

444 1200 648 1268 negabo
682 1196 825 1252 seni!
899 1196 1041 1250 Mihi
1074 1213 1221 1263 vem,
1262 1196 1447 1250 Patres
1480 1197 1781 1266 conscripti,
1810 1198 1928 1266 jam
1962 1199 2136 1252 etiam
2239 1231 2252 1238 ·

444 1285 677 1354 optanda
699 1301 843 1338 mors
864 1288 962 1348 est,
985 1281 1267 1351 perfuncto
1297 1281 1458 1335 rebus
1480 1282 1561 1350 iis,
1585 1300 1719 1351 quas
1740 1283 1964 1351 adeptus
1986 1300 2134 1349 sum,
2305 1280 2307 1295 ²

445 1388 685 1440 quasque
707 1370 856 1439 gessi.
928 1368 1052 1421 Duo
1075 1366 1235 1420 modo
1264 1366 1378 1420 haec
1400 1373 1562 1436 opto:
1599 1385 1791 1433 unum,
1817 1373 1880 1421 ιιι
1897 1368 2136 1421 moriens
2289 1306 2307 1409 A

444 1457 707 1527 populum
730 1457 1034 1510 Romanum
1057 1454 1290 1508 liberum
1307 1455 1608 1524 relinquam
1618 1473 1638 1521 3
1670 1455 1773 1511 hoc
1795 1454 1932 1508 mihi
1949 1455 2136 1524 majus

445 1548 512 1602 ab
546 1547 647 1601 diis
678 1545 1070 1600 immortalibus
1108 1545 1226 1598 dari
1253 1544 1392 1598 nihil
1422 1550 1630 1613 potest:
1665 1544 1915 1610 alterum,
1951 1550 2015 1599 ut
2050 1545 2135 1598 ita

445 1635 640 1705 cuique
663 1635 888 1698 eveniat,
912 1638 976 1687 ut
999 1632 1064 1686 de
1087 1650 1146 1686 re
1169 1632 1385 1700 publica
1408 1632 1633 1701 quisque
1657 1634 1940 1687 mereatur.

1164 2511 1421 2572 Plle„
2287 2541 2305 2602 A
