2307 3907
360 358 645 410 ORATIO
691 361 1113 414 PHILIPPICA
1163 367 1390 417 SECUN
1394 368 1511 417 DA.
1728 375 1788 424 19

20 520 23 533 ι
79 496 160 550 Ε1
194 495 321 565 ejus
354 498 458 553 viri
490 501 708 555 nomine
742 520 832 556 me
865 504 1117 559 insectari
1148 507 1331 572 audes,
1357 510 1516 579 cujus
1538 527 1628 567 me
1651 516 1787 570 ami·

20 608 25 637 ,r
77 599 233 647 cum,
259 588 315 636 te
337 589 598 639 sectorem
622 603 733 640 esse
755 587 995 644 fateare?

20 706 23 723 2
191 667 350 724 XVI.
421 671 522 725 Sed
558 667 842 728 omittatur
875 675 1080 731 bellum
1110 679 1267 746 illud,
1289 681 1349 735 in
1384 699 1493 752 quo
1527 690 1593 739 tu
1625 686 1788 740 nimi·

20 786 21 789 =
73 771 182 807 um
232 754 365 808 felix
412 756 577 811 fuisti.
649 759 736 813 Ne
777 760 915 829 jocis
948 763 1169 831 quidem
1203 768 1550 841 respondebO,
1586 772 1785 839 quibus

141 856 178 892 e
225 839 286 892 in
333 842 518 895 castris
566 861 730 897 usum
777 862 892 898 esse
940 847 1145 903 dixisti.
1215 851 1386 907 Erant
1421 855 1643 923 quidem
1687 858 1784 914 illa

20 914 35 973 ἷ
77 930 263 980 888118
310 927 470 995 plena
521 946 662 983 curae
676 950 715 985 εκ
742 940 1122 989 verumtamen
1156 936 1403 995 homines
1439 945 1689 1010 quamvis
1721 946 1781 1000 111

22 1032 23 1035 “
79 1014 320 1067 turbidis
351 1015 513 1068 rebus
547 1016 672 1081 sint,
707 1024 908 1085 tamen,
944 1021 991 1075 si
1037 1023 1198 1076 modo
1240 1023 1487 1082 homines
1520 1036 1664 1096 sunt,
1699 1032 1781 1086 in-

20 1098 23 1161 ,ᾗ
77 1100 304 1154 tei-dum
361 1103 557 1156 animis
607 1103 938 1161 relaxantur.
1028 1113 1112 1162 40.
1171 1110 1334 1180 Quod
1392 1119 1577 1170 autem
1633 1118 1780 1173 idem

22 1216 23 1233 1
80 1188 392 1242 maestitiam
445 1207 622 1244 meam
674 1193 1038 1262 reprehendit,
1092 1196 1238 1250 idem
1293 1199 1513 1268 jocum:
1580 1221 1778 1275 magno

76 1282 406 1343 argumento
442 1280 538 1342 est,
574 1294 665 1330 me
698 1279 756 1331 in
790 1287 1026 1349 utroque
1061 1283 1225 1338 fuisse
1258 1286 1616 1349 moderatum.

22 1344 27 1351 θ
190 1359 534 1416 Hereditates
567 1363 706 1417 mihi
736 1367 945 1434 negasti
970 1368 1173 1421 venire.
1244 1369 1465 1426 Utinam
1488 1372 1591 1430 1108
1615 1382 1775 1433 11111111

20 1430 25 1533 ἱ,
77 1465 276 1502 verum
324 1450 530 1503 crimen
577 1450 747 1506 esset!
801 1453 984 1522 plures
1031 1455 1193 1509 818181
1238 1458 1348 1511 1881
1395 1465 1451 1512 81
1496 1467 1776 1520 necessarii

20 1544 23 1591 ὁ
76 1536 338 1588 viverent.
409 1531 510 1588 Sed
558 1538 656 1606 qui
704 1538 843 1592 istuc
887 1539 987 1593 tibi
1029 1542 1180 1594 venit
1213 1543 1272 1596 in
1305 1547 1587 1602 mentem?
1657 1551 1774 1620 Ego

20 1608 23 1659 '-
75 1621 226 1674 enim
272 1620 508 1689 amplius
557 1620 692 1675 H.S.
742 1622 1018 1677 ducenties
1057 1633 1339 1694 acceptum
1386 1629 1773 1690 hereditatibus

20 1724 23 1727 ’
76 1707 259 1760 1811111.
317 1707 667 1775 Quamquam
694 1707 753 1760 in
787 1707 890 1761 hoc
911 1725 1106 1777 genere
1137 1710 1309 1765 fateor
1342 1713 1634 1771 feliciorem
1658 1737 1771 1775 esse

74 1802 148 1846 te.
223 1792 315 1845 Me
348 1809 524 1858 nemo,
561 1793 667 1846 nisi
699 1793 924 1858 88118118,
947 1794 1073 1848 fecit
1108 1795 1379 1866 heredem,
1415 1809 1479 1854 ut
1513 1819 1641 1857 cum
1674 1805 1769 1859 illo

73 1877 374 1943 commodo,
422 1878 471 1930 81
518 1878 664 1946 811οᾱ
708 1885 841 1943 8181,
893 1880 1062 1932 81111111
1112 1882 1335 1950 quidam
1384 1885 1536 1940 dolor
1576 1889 1769 1962 junge·

73 1970 257 2018 retur:
307 1969 362 2018 te
408 1965 471 2030 is,
521 1981 684 2034 quem
735 1975 799 2018 tu
850 1966 1032 2021 vidisti
1087 1985 1389 2038 nunquam,
1427 1972 1488 2026 L.
1526 1974 1767 2033 Rubrius

19 2027 313 2122 JCasinaQ
337 2041 466 2103 fecit
491 2050 761 2105 heredem.
835 2056 921 2105 41.
958 2051 1033 2107 Et
1070 2054 1292 2122 quidem
1328 2056 1469 2121 vide,
1504 2077 1673 2127 quam
1710 2072 1764 2119 te

20 2125 23 2186 ἓ
70 2136 266 2190 amarit
316 2135 379 2199 is,
429 2135 544 2204 qui,
593 2135 748 2189 albus
795 2143 980 2191 aterne
1027 2139 1212 2207 fueris,
1260 2140 1531 2211 ignorans,
1582 2147 1764 2205 fratris

67 2222 248 2275 filium
281 2221 553 2289 praeteriit,
589 2220 657 2290 Q.
684 2221 846 2287 Fufii,
881 2222 1242 2278 honestissimi
1276 2228 1476 2295 equitis
1509 2230 1759 2303 Romani,

68 2308 260 2377 suique
292 2308 662 2373 amantissimi,
709 2307 803 2375 [3]
842 2327 1007 2376 quem
1041 2311 1224 2379 palam
1257 2312 1513 2369 heredem
1546 2336 1760 2389 semper

66 2392 367 2447 factitarat:
417 2390 507 2459 [ne
547 2392 791 2446 nominat
824 2394 1045 2462 quidem
1067 2393 1107 2463 :J
1156 2403 1228 2462 te,
1265 2414 1432 2466 quem
1474 2418 1757 2473 nunquam

67 2481 289 2545 viderat,
323 2484 420 2533 aut
452 2485 594 2531 certe
626 2496 908 2550 nunquam
942 2481 1287 2550 salutaverat,
1321 2485 1449 2541 fecit
1482 2486 1751 2550 heredem.

65 2565 242 2619 Velim
278 2563 417 2617 mihi
451 2564 610 2630 dicas,
644 2565 747 2618 nisi
779 2566 1070 2619 molestum
1105 2574 1203 2634 est,
1240 2568 1302 2623 L.
1329 2570 1611 2628 Turselius
1646 2596 1755 2647 qua

60 2653 192 2705 facie
238 2650 422 2715 fuerit,
469 2668 578 2719 qua
622 2656 848 2717 statura,
902 2669 1011 2722 quo
1063 2654 1376 2722 municipio,
1427 2675 1536 2726 8118
1586 2664 1749 2719 tribu.

64 2742 95 2766 “
111 2737 271 2791 Nihil
305 2737 430 2801 8810,
464 2735 692 2805 11188188,
728 2738 832 2790 nisi
867 2755 986 2806 quae
1019 2739 1220 2808 praedia
1254 2740 1555 2798 habuerit-'³
1640 2750 1749 2819 Igi-

60 2835 149 2878 tur
168 2822 393 2876 fratrem
417 2821 767 2889 exheredans,
788 2829 843 2876 te
865 2823 1095 2879 faciebat
1116 2824 1387 2882 heredem.
1460 2830 1527 2884 In
1549 2836 1749 2891 multas

57 2917 310 2980 praeterea
332 2910 584 2978 pecunias
606 2909 1055 2965 alienissimorum
1072 2912 1378 2980 hominum,
1400 2916 1585 2985 ejectis
1608 2924 1747 2977 veris

57 2996 356 3062 heredibus,
401 3000 696 3064 tamquam*
731 2995 888 3051 heres
934 3003 1089 3059 esset,
1136 3000 1348 3055 invasit.
1416 3006 1501 3057 42.
1537 3006 1757 3075 Quam-·

20 3061 21 3066 ἵ
92 3101 218 3137 uam
255 3083 357 3137 hoc
392 3083 632 3137 maxime
664 3082 964 3138 admiratus
985 3102 1124 3152 sum,
1148 3087 1479 3141 mentionem
1513 3096 1566 3144 18
1594 3092 1743 3149 11818-

20 3215 21 3240 ,
85 3173 285 3226 itatum
334 3188 531 3225 ausum
589 3187 701 3224 esse
748 3170 939 3237 facere,
994 3190 1169 3242 quum
1219 3173 1335 3241 ipse
1386 3174 1739 3236 hereditatem

48 3259 215 3326 patris
248 3275 357 3312 non
391 3258 600 3311 adisses.
1329 3255 1337 3272 '

147 3344 333 3398 XVII.
405 3344 538 3398 Haee
586 3350 650 3398 ut
697 3343 989 3414 colligeres,
1023 3342 1189 3397 homo
1235 3348 1617 3418 amentissime,
1653 3360 1735 3410 tot

26 3430 155 3485 ‘dies
191 3431 251 3483 in
285 3430 459 3484 aliena
492 3429 624 3484 villa
658 3427 1004 3484 declamastiz
1046 3447 1379 3500 quamquam
1417 3441 1477 3487 tu
1514 3439 1734 3505 quidem

45 3513 132 3584 (ut
161 3518 248 3572 tui
278 3516 685 3571 familiarissimi
718 3514 995 3587 dictitant)
1030 3515 1145 3569 vini
1169 3516 1477 3585 exhalandi,
1503 3539 1615 3577 non
1648 3526 1730 3579 111-

19 3611 23 3644 v
1459 3608 1596 3659 2-2
