2307 3907
592 370 651 416 18
1063 371 1139 418 Μ.
1178 370 1430 420 TULLII
1477 371 1859 422 CICERONIS
2041 366 2050 373 ’

587 530 772 567 meum
803 511 1085 566 consilium
1118 513 1515 582 auctoritasque
1539 512 1793 566 valuisset
1816 530 1831 567 ε
1867 521 1931 566 tu
1965 512 2146 568 hodie
2186 533 2285 584 ege

586 617 685 666 res,
720 616 818 652 nos
856 600 1014 653 liberi
1056 617 1324 665 essemus;
1369 599 1454 653 r‘es
1494 600 1711 668 publica
1752 617 1862 653 non
1896 606 1979 655 tot
2017 601 2205 656 duces
2253 621 2285 657 e

585 689 852 742 exercitus
884 687 1161 741 amisisset.
1241 688 1435 741 Fateor
1467 688 1631 754 enim,
1671 704 1777 752 me,
1824 698 1998 756 quum
2036 706 2125 753 ea,
2168 707 2285 758 qua

583 773 907 839 acciderunt,
931 773 1269 841 providerem
1301 772 1505 837 futura,
1530 778 1682 826 tanta
1714 773 1772 825 in
1805 775 2062 828 moestitia
2101 773 2285 829 fuisse

587 865 790 930 quanta
837 860 1000 913 ceteri
1040 860 1234 927 optimi
1279 860 1438 925 civeS,
1472 860 1518 913 si
1556 859 1700 913 idem
1733 860 2116 928 providissent,
2157 863 2284 915 fuis

583 954 715 1001 sent.
788 944 1067 1010 Dolebam,
1103 944 1366 1010 dolebam,
1394 945 1579 999 Patres
1615 947 1914 1016 conscripti,
1939 965 2060 1001 rem
2100 950 2285 1018 publi-

582 1051 700 1088 cam
752 1033 940 1086 vestris
990 1032 1264 1100 quondam
1311 1033 1553 1101 meisque
1599 1026 1833 1088 consiliis
1883 1043 2285 1101 conservatam,

581 1120 732 1173 brevi
765 1125 1005 1186 tempore
1040 1135 1150 1172 esse
1186 1120 1499 1187 perituram.
1568 1118 1624 1172 N
1626 1138 1685 1173 ec
1708 1137 1835 1174 vero
1870 1138 2019 1174 eram
2054 1128 2181 1177 tam
2208 1125 2285 1176 in-

582 1208 769 1261 doctus
815 1207 1137 1275 ignarusque
1187 1223 1387 1271 rerum,
1424 1213 1487 1261 ut
1518 1207 1794 1276 frangerer
1827 1209 2008 1262 animo
2050 1220 2285 1278 propter

581 1295 703 1347 vitae
726 1292 1093 1361 cupiditatem,
1117 1310 1238 1361 quae
1272 1310 1362 1346 me
1395 1311 1619 1348 manens
1648 1295 1930 1350 conficeret
1960 1297 2283 1366 angoribus,

581 1379 796 1433 dimissa
829 1377 1088 1431 molestiis
1121 1378 1371 1433 omnibus
1401 1379 1669 1434 liberaret.
1744 1380 1873 1434 lllos
1894 1399 1992 1450 ego
2016 1388 2283 1450 praestan-

581 1465 811 1518 tissimus
846 1463 1002 1527 viros,
1037 1456 1248 1516 lumina
1281 1465 1360 1517 rei
1393 1465 1637 1533 publicae,
1674 1467 1853 1520 vivere
1887 1467 2157 1534 volebam,
2194 1474 2279 1522 tot

497 1566 505 1573 ·
579 1551 897 1616 consulares,
932 1547 1014 1605 to't
1064 1552 1356 1619 praetorios,
1405 1559 1487 1605 tot
1538 1553 1936 1608 honestissimos
1980 1564 2272 1619 senatores,

578 1657 794 1694 omnem
845 1644 1100 1708 praeterea
1132 1638 1322 1692 florem
1370 1638 1663 1694 nobilitatis
1696 1658 1758 1694 ac
1787 1641 2109 1710 juventutis,
2144 1646 2267 1695 tum

580 1727 908 1796 optimorum
944 1724 1148 1777 civium
1183 1723 1491 1777 exercitus:
1527 1725 1621 1791 qui
1657 1726 1702 1778 si
1736 1725 1994 1790 viverent,
2020 1727 2272 1794 quamvis

578 1814 766 1881 iniqua
817 1810 1119 1865 conditione
1164 1809 1327 1876 pacis,
1364 1794 1538 1877 (mihi‘
1584 1810 1731 1862 enim
1783 1810 1956 1862 omnis
1993 1827 2106 1878 pax
2140 1827 2263 1864 cum

579 1901 784 1957 civibus
832 1897 974 1952 bello
1026 1896 1173 1949 civili
1222 1895 1409 1949 utilior
1444 1894 1772 1968 videbatur,)
1825 1913 1941 1949 rem
1992 1897 2261 1965 publicam

578 1987 737 2041 hodie
782 1994 1105 2039 teneremus.
1174 1984 1260 2035 38.
1297 1982 1433 2052 Quae
1484 1984 1748 2037 sententia
1795 1984 1841 2036 si
1894 1983 2164 2047 valuisset,
2200 2000 2258 2036 ac

577 2091 685 2128 non
719 2073 759 2126 ii
789 2071 1030 2125 maxime
1065 2067 1221 2133 mihi,
1249 2085 1481 2136 quorum
1518 2085 1615 2136 ego
1639 2068 1763 2121 vitoe
1786 2067 2141 2127 consulebam,
2168 2084 2256 2134 spe

576 2160 811 2215 victorioe
860 2158 1003 2219 elati,
1037 2156 1397 2211 obstitissent:
1451 2161 1516 2208 ut
1563 2155 1669 2208 alia
1721 2153 1984 2214 omittam,
2019 2161 2081 2207 tu
2116 2162 2254 2208 certe

576 2260 858 2313 nunquam
905 2242 987 2295 in.
1011 2239 1113 2295 hoc
1159 2240 1363 2307 ordine,
1399 2240 1488 2294 vel
1537 2242 1717 2309 potius
1751 2256 2031 2308 nunquam
2066 2241 2124 2292 in
2156 2239 2252 2292 hac

576 2330 709 2384 urbe
760 2327 1055 2381 mansisses.
1136 2324 1214 2379 At
1260 2342 1387 2379 vero
1429 2324 1529 2379 Cn.
1566 2324 1808 2394 Pompeii
1849 2324 2179 2378 voluntatem
2223 2342 2252 2377 a

575 2433 664 2470 me
698 2413 961 2469 alienabat
995 2411 1164 2465 oratio
1202 2427 1339 2464 mea.
1408 2410 1498 2463 An
1533 2409 1624 2464 ille
1660 2419 1988 2478 quemquam
2023 2408 2142 2477 plus
2176 2409 2249 2461 di·

576 2499 749 2556 lexit'l
798 2517 923 2553 cum
972 2498 1086 2552 ullo
1138 2503 1237 2552 aut
1287 2513 1572 2561 sermones,
1614 2484 1711 2549 aut
1758 2496 1979 2549 consilia
2029 2496 2245 2551 contulit

575 2585 806 2657 soepius‘f
875 2584 1037 2653 Quod
1082 2583 1305 2652 quidem
1356 2589 1471 2636 erat
1517 2598 1792 2650 magnum,
1826 2583 1893 2636 de
1944 2599 2150 2636 summa
2193 2600 2243 2634 re

577 2673 793 2744 publica
838 2670 1205 2726 dissentientes
1247 2669 1304 2721 in
1352 2669 1539 2722 eadem
1585 2669 1966 2722 consuetudine
2012 2670 2240 2722 amicitiae

575 2772 902 2828 permanere.
973 2754 1074 2807 Sed
1108 2761 1165 2807 et
1198 2771 1314 2821 eg0,
1350 2752 1480 2821 quid
1517 2752 1628 2820 ille,
1662 2763 1715 2807 et
1763 2760 1950 2808 contra
1982 2754 2086 2819 ille,
2121 2755 2237 2823 quid

576 2863 673 2917 ego
708 2843 962 2898 sentirem
996 2847 1050 2894 et
1091 2850 1404 2909 spectarem,
1440 2840 1671 2894 videbat.
1741 2840 1858 2909 Ego
1904 2840 2239 2895 incolumitati

575 2933 778 2986 civium
811 2930 1068 2998 primum,
1093 2933 1365 2996 ut‘postea
1386 2927 1634 2996 dignitati
1658 2940 1967 2996 possemus,
2000 2927 2087 2981 ille
2120 2946 2238 2996 prae·

575 3018 712 3073 senti
760 3015 1010 3084 dignitati
1053 3014 1178 3081 plus
1222 3014 1547 3068 consulebat.
1616 3014 1776 3084 Quod
1811 3021 1994 3069 autem
2027 3016 2234 3070 habebat
2273 2993 2274 3048 Ν

575 3113 806 3173 uterque
843 3102 971 3171 quid
1006 3107 1337 3170 sequeretur,
1360 3100 1554 3155 idcirco
1585 3101 1913 3156 tolerabilior
1934 3110 2044 3156 erat
2073 3108 2232 3157 nostra
2271 3105 2275 3130 ¹

575 3191 841 3246 dissensi0.
923 3190 1007 3244 39.
1058 3188 1206 3257 Quid
1255 3204 1382 3241 vero
1429 3187 1523 3240 ille
1571 3188 1860 3257 singularis
1895 3188 1979 3240 vir
2010 3205 2067 3242 ac
2099 3205 2234 3258 paens

574 3280 787 3332 divinus
821 3276 886 3329 de
921 3293 1008 3329 me
1044 3275 1283 3338 senserit,
1318 3275 1509 3341 sciunt,
1547 3276 1643 3344 qni
1677 3292 1804 3328 eum
1854 3275 1919 3328 de
1955 3274 2240 3332 Pharsalica*

569 3366 700 3433 fuga
724 3362 973 3431 Paphum
1009 3359 1276 3429 persecuti
1309 3366 1451 3413 sunt.
1521 3359 1822 3429 Nunquam
1853 3360 1922 3413 ab
1956 3376 2015 3412 eo
2046 3361 2228 3413 mentio

573 3453 637 3504 de
683 3468 789 3514 me,
824 3449 928 3502 nisi
968 3446 1275 3511 honorifica,
1309 3447 1413 3500 nisi
1448 3446 1609 3515 plena
1642 3447 1950 3500 amicissimi
1994 3446 2228 3510 desiderii,

571 3553 742 3605 quum
777 3552 866 3587 me
899 3532 1091 3585 vidisse
1126 3531 1252 3600 plus
1285 3529 1562 3597 fateretur,
1596 3549 1652 3585 se
1692 3531 1981 3600 speravisse
2012 3530 2222 3584 meliora.
