2307 3907
584 341 643 386 12
1022 342 1097 390 Μ.
1135 342 1387 391 TULLII
1424 342 1806 392 CICERONIS

577 479 763 533 sederi.
834 478 966 534 Haec
1001 486 1066 534 tu
1095 499 1206 534 non
1236 487 1457 551 propter
1485 481 1764 536 audaciam
1795 483 1927 537 dicis
1950 489 2082 538 tam
2115 484 2267 552 imp1

577 564 781 630 denter,
805 565 914 631 sed,
941 567 1037 636 qui
1058 571 1269 620 tantam
1293 585 1476 621 rerum
1506 568 1918 637 repugnantiam
1945 585 2069 622 non
2096 568 2267 623 videa

576 649 716 704 nihil
749 652 986 720 profecto
1021 654 1177 722 sapiS.
1246 654 1394 722 Quid
1436 661 1515 709 est
1550 656 1696 709 enim
1736 656 2065 722 dementiuS,
2103 673 2267 726 quar]

577 753 749 806 quum
787 738 866 791 rei
895 739 1122 807 publicae
1151 741 1446 809 perniciosa
1475 758 1627 795 arma
1649 743 1763 812 ipse
1794 743 2015 812 ceperiS‚
2050 743 2267 812 objice]

575 821 734 875 alteri
756 823 1046 879 salutaria?
1117 829 1201 880 20.
1237 826 1315 882 At
1346 828 1510 882 etiam
1538 829 1772 896 quodam
1795 829 1909 882 loco
1932 829 2160 883 facetus
2187 847 2267 883 ess

577 908 809 963 voluisti.
882 911 1065 979 Quam
1102 912 1158 964 id
1193 922 1267 977 te,
1303 913 1379 966 dii
1412 912 1555 977 boni,
1593 930 1703 966 non
1739 911 1990 967 decebat!
2069 912 2148 966 In
2190 931 2269 982 qu

574 1001 654 1050 est
678 1002 774 1050 tua
795 997 956 1066 culpa
977 999 1254 1052 nonnuHa.
1300 998 1524 1068 Aliquid
1549 1000 1695 1052 enim
1712 998 1835 1053 salis
1851 1016 1891 1053 a
1911 999 2091 1053 mima
2113 1017 2269 1053 uxor

575 1082 787 1137 trahere
810 1085 1049 1152 potuisti.
1086 1085 1324 1138 Cnnawr
1348 1103 1512 1138 Arma
1536 1102 1701 1140 roam.
1739 1083 1925 1153 Quid?
1949 1090 2081 1138 tum
2104 1101 2269 1139 noun

575 1170 886 1226 cesserunt?
945 1170 1020 1225 At
1044 1178 1228 1240 postea
1251 1173 1362 1226 tuis
1384 1172 1548 1225 armis
1571 1172 1727 1225 cessit
1749 1177 1889 1240 toga.
1955 1169 2269 1239 Quaeramu

575 1256 760 1325 igitur,
807 1265 997 1312 utrum
1043 1260 1241 1313 melius
1285 1260 1469 1323 fuerit,
1517 1258 1755 1312 libertati
1808 1257 1999 1328 populi
2045 1257 2269 1311 Roman

574 1341 954 1396 sceleratorum
1000 1338 1167 1410 arma,
1214 1362 1285 1398 an
1330 1344 1634 1397 libertatem
1681 1349 1918 1398 nostram
1951 1343 2133 1397 -armis
2177 1343 2269 1397 tui

576 1426 779 1503 cedere.
848 1428 966 1482 Nec
1000 1446 1126 1482 vero
1174 1429 1276 1483 tibi
1322 1429 1388 1482 de
1425 1429 1667 1483 versibus
1714 1430 1872 1499 plura
1910 1430 2256 1499 respondebo

575 1518 791 1566 tantum
825 1515 998 1568 dicam
1029 1515 1296 1570 breviter:
1334 1522 1389 1569 te
1420 1533 1598 1585 neque
1627 1515 1766 1581 illos,
1790 1534 1967 1585 neque
2000 1516 2145 1570 ullas
2169 1535 2268 1571 om

576 1600 704 1652 nino
739 1600 920 1655 literas
953 1619 1135 1656 nosse:
1173 1620 1261 1656 me
1296 1620 1395 1657 nec
1426 1603 1505 1656 rei
1539 1601 1785 1670 publieae,
1821 1620 1921 1656 nec
1955 1602 2148 1656 amicis
2181 1621 2265 1657 un

577 1701 742 1752 quam
777 1685 1023 1753 defuisse,
1061 1694 1115 1741 et
1155 1694 1337 1741 tamen
1374 1688 1524 1740 omni
1563 1704 1757 1756 genere
1796 1694 2269 1742 monumentorum

578 1786 823 1824 meorum
875 1771 1153 1841 perfecisse
1211 1772 1385 1840 operis
1438 1772 1745 1837 subsecivis,
1792 1778 1856 1825 ut
1901 1790 2034 1826 meae
2081 1773 2269 1842 vigilia

575 1873 816 1926 meaeque
844 1858 1026 1926 literae,
1051 1865 1105 1912 et
1123 1859 1401 1928 juventuti
1425 1859 1696 1924 utilitatis,
1722 1866 1776 1913 et
1800 1859 2009 1912 nomini
2031 1859 2269 1914 Romano

577 1941 752 1997 laudis
781 1943 987 2014 aliquid
1023 1945 1293 2000 afferrent.
1364 1944 1467 1999 Sed
1497 1943 1612 1999 haec
1648 1963 1758 2000 non
1788 1944 1955 2014 hujus
1986 1946 2271 2014 temporis:

580 2029 685 2097 maj
692 2045 785 2083 ora
806 2030 1099 2084 videamus,
1982 2091 1996 2108 Ι

683 2115 783 2171 ΙΧ.
829 2119 913 2170 21.
986 2117 1047 2170 Ρ.
1083 2117 1338 2171 Clodium
1376 2135 1497 2172 meo
1532 2118 1751 2171 consilio
1785 2116 2130 2171 interfectum
2165 2135 2271 2172 esse

578 2201 779 2256 dixisti.
865 2203 1142 2271 Quidnam
1197 2203 1442 2258 homines
1495 2210 1767 2273 putarent,
1815 2205 1860 2258 si
1907 2210 2027 2258 tum
2073 2206 2271 2259 occisus

576 2292 731 2354 esset,
774 2305 948 2356 quum
988 2295 1051 2342 tu
1085 2288 1246 2342 illum
1287 2290 1347 2343 in
1385 2289 1519 2356 foro,
1561 2291 1890 2359 inspectante
1929 2289 2128 2359 populo
2168 2290 2271 2343 Ro-

576 2390 755 2439 mano,
803 2374 980 2443 gladio
1020 2376 1204 2429 stricto
1250 2377 1526 2431 insecutus
1566 2395 1640 2444 es,
1681 2377 2067 2447 negotiumque
2103 2381 2267 2430 trans-

578 2467 788 2535 egisses‚
812 2469 916 2521 nisi
937 2485 993 2521 se
1015 2468 1108 2521 ille
1139 2469 1200 2522 in
1230 2469 1395 2523 scalas
1426 2470 1674 2523 tabernae*
1691 2469 1921 2523 librariae
1952 2469 2264 2537 conjecisset,

578 2553 749 2622 iisque
797 2555 1046 2623 oppilatis
1091 2556 1362 2625 impetum
1408 2563 1569 2610 tuum
1616 2553 2042 2625 compressisset?
2111 2554 2261 2625 Quod

577 2640 798 2709 quidem
820 2658 918 2710 ego
942 2640 1133 2695 favisse
1163 2660 1253 2695 me
1283 2643 1384 2696 tibi
1406 2643 1593 2706 fateor,
1618 2644 1843 2697 suasisse
1876 2659 1944 2695 ne
1967 2648 2028 2695 tu
2052 2642 2257 2710 quidem

578 2725 723 2778 dicis.
795 2723 870 2779 At
910 2724 1104 2779 Miloni
1133 2744 1204 2780 ne
1234 2727 1413 2781 favere
1450 2727 1670 2796 quidem
1700 2727 1878 2796 potui.·
1943 2727 2096 2781 Prius
2123 2729 2258 2781 enim

576 2828 693 2863 rem
730 2812 1002 2880 transegit,
1044 2830 1211 2881 quam
1253 2813 1543 2882 quisquam
1585 2831 1712 2867 eum
1753 2814 2025 2868 facturum
2061 2813 2115 2866 id
2152 2831 2257 2866 sus-

577 2896 861 2964 picaretur.
921 2896 998 2951 At
1030 2915 1129 2967 ego
1152 2899 1310 2952 suasi.
1361 2898 1573 2952 Scilicet
1597 2899 1643 2952 is
1664 2900 1878 2953 animus
1900 2906 2011 2953 erat
2035 2898 2254 2961 Milonis,

576 2990 641 3037 ut
678 2984 922 3053 prodesse
964 2986 1043 3039 rei
1079 2985 1308 3054 publicae
1356 2985 1469 3039 sine
1516 3003 1729 3040 suasore
1769 3004 1879 3040 non
1924 2984 2119 3055 posset!
2187 2986 2253 3039 At

577 3070 790 3124 laetatus
811 3088 950 3125 sum.
1020 3073 1168 3141 Quid
1201 3072 1366 3142 ergo?
1411 3074 1468 3125 in
1504 3079 1655 3127 tanta
1688 3073 1876 3127 laetitia
1909 3078 2104 3127 cunctae
2135 3073 2231 3127 civi
2264 3077 2271 3104 ⁴

576 3156 703 3210 tatis
735 3174 823 3210 me
847 3175 1022 3211 unum
1045 3158 1258 3211 tristem
1283 3175 1393 3211 esse
1423 3156 1739 3226 oportebat?
1807 3160 1893 3211 22.
1927 3158 2134 3228 Quamq

577 3241 643 3294 de
676 3250 847 3295 morte
873 3241 934 3294 P.
961 3241 1138 3295 Clodii
1168 3241 1276 3294 fuit
1307 3240 1529 3310 quaestio
1561 3259 1671 3296 non
1701 3243 1829 3296 satis
1859 3242 2136 3311 prudenter
2162 3241 2247 3294 illa

576 3328 795 3396 quidem
818 3330 1123 3382 constituta.
1171 3328 1320 3396 Quid
1348 3330 1496 3408 enim
1518 3330 1783 3385 attinebat
1806 3346 1946 3384 nova
1966 3330 2075 3399 lege
2097 3330 2246 3398 quaeri

576 3413 642 3465 de
666 3430 747 3478 eo,
766 3414 864 3482 qui
880 3413 1158 3468 hominem
1177 3414 1466 3481 occidisset,
1486 3433 1659 3484 quum
1678 3421 1815 3471 esset
1831 3417 2034 3487 legibus
2049 3418 2243 3486 quaestio

578 3499 911 3555 constituta?
981 3501 1283 3569 Quaesitum
1315 3508 1397 3556 est
1425 3507 1629 3557 tamen.
1700 3502 1862 3572 Quod
1893 3504 2066 3575 igitur,
2089 3520 2240 3573 quum
