2307 3907
551 386 614 431 36
1003 380 1080 427 Μ.
1119 376 1371 426 TULLII
1406 374 1786 426 CICERONIS

550 533 812 586 scelerum
843 527 1136 596 desperatio
1167 523 1321 579 vitae!
1364 541 1536 593 quum
1567 541 1640 576 ex
1673 523 1768 577 illa
1798 522 1943 592 fuga,
1980 523 2245 577 beneficio

551 634 755 680 eorum,
775 615 871 683 qui
893 619 967 679 te,
983 611 1028 665 si
1051 628 1213 665 sanus
1234 628 1387 675 esses,
1406 610 1618 663 salvum
1640 626 1749 663 esse
1767 608 2076 673 voluerunt,
2096 609 2240 663 clam

547 712 602 760 te
620 707 842 758 domum
866 700 1126 769 recepisti.
1184 702 1267 753 89.
1301 698 1351 751 O
1373 714 1496 750 mea
1516 696 1715 750 frustra
1736 714 1945 765 semper
1960 696 2244 750 verissima

546 793 773 863 auguria
811 806 994 844 rerum
1035 784 1377 840 futurarum!
1426 783 1687 839 Dicebam
1726 785 1835 839 illis
1873 786 1930 838 in
1967 783 2244 852 Capitolio

546 876 920 933 liberatoribus
956 874 1167 939 nostriS,
1201 890 1373 941 quum
1404 888 1493 925 me
1524 870 1592 924 ad
1623 878 1677 926 te
1708 872 1785 926 ire
1818 871 2033 937 vellent,
2065 878 2132 924 ut
2169 852 2281 923 ad*¹

547 963 932 1018 defendendam
966 977 1082 1014 rem
1117 958 1391 1028 publicam
1426 962 1482 1011 te
1518 955 1861 1010 adhortarer:
1911 956 2088 1024 quoad
2119 973 2242 1008 me-

545 1060 741 1115 tueres,
766 1048 946 1102 omnia
966 1051 1021 1101 te
1043 1038 1472 1115 promissurum,
1506 1041 1670 1096 simul
1692 1059 1754 1095 ac
1783 1042 1974 1096 timere
1996 1040 2240 1107 desisses,

543 1139 774 1193 similem
796 1145 849 1190 te
873 1134 1123 1188 futurum
1147 1133 1247 1186 tui.
1318 1131 1525 1199 Itaque,
1552 1145 1724 1199 quum
1747 1129 1909 1182 ceteri
1931 1126 2241 1181 consulares

543 1227 702 1287 irent,
740 1220 989 1285 redirent,
1028 1220 1087 1272 in
1133 1217 1396 1272 sententia
1430 1216 1638 1269 mansi:
1685 1232 1860 1283 neque
1894 1220 1948 1267 te
1988 1213 2085 1267 illo
2126 1213 2238 1279 die,

543 1328 717 1379 neque
763 1314 972 1378 postero
1019 1306 1164 1370 vidi3
1214 1320 1390 1371 neque
1443 1301 1615 1355 ullam
1659 1301 1966 1355 societatem
2012 1300 2239 1368 optimis

542 1399 748 1453 civibus
765 1413 891 1450 cum
913 1391 1371 1463 importunissimo
1394 1389 1546 1443 hoste
1568 1388 1767 1441 foedere
1789 1386 1903 1440 ullo
1926 1385 2239 1440 confirmari

542 1503 692 1555 posse
715 1483 930 1539 credidi.
1004 1482 1129 1534 Post
1147 1479 1292 1532 diem
1315 1476 1535 1531 tertium
1560 1475 1684 1528 veni
1705 1475 1762 1527 in
1786 1473 1951 1526 aedem
1976 1472 2237 1535 Telluris,

543 1580 596 1628 et
631 1571 848 1641 quidem
884 1569 1102 1633 invitus,
1139 1581 1313 1634 quum
1348 1581 1534 1617 omnes
1565 1562 1744 1616 aditus
1786 1560 1980 1614 armati
2026 1558 2237 1612 obside-

542 1666 678 1713 rent.
727 1661 811 1712 90.
847 1655 958 1724 Qui
983 1653 1082 1707 tibi
1105 1651 1218 1704 dies
1240 1649 1351 1708 ille,
1370 1648 1449 1700 M.
1468 1647 1687 1710 Antoni,
1704 1643 1849 1699 fuit?
1881 1644 2238 1713 Quamquam

541 1747 681 1800 mihi
713 1743 965 1798 inimicus
997 1738 1176 1793 subito
1208 1735 1493 1791 exstitisti:
1539 1739 1723 1788 tamen
1755 1750 1845 1785 me
1879 1732 1963 1785 tui
1993 1730 2235 1795 miseret,

544 1830 687 1901 quod
711 1829 813 1883 tibi
833 1825 1102 1882 invideris.
2025 1840 2038 1843 »
2179 1786 2189 1843 ³

646 1914 914 1971 XXXVI.
959 1911 1071 1982 Qui
1116 1915 1181 1964 tu
1226 1909 1327 1973 vir,
1373 1906 1448 1960 dii
1494 1901 1853 1959 immortales!
1902 1907 1957 1957 et
1993 1908 2236 1970 quantus

541 2005 747 2068 fuisses
783 2002 828 2055 si
863 1999 1009 2054 illius
1041 1996 1147 2050 diei
1180 2001 1418 2048 mentem
1451 2008 1660 2046 servare
1694 1986 1984 2059 potuisses!
2035 1987 2235 2041 Pacem

544 2091 878 2154 haberemus,
895 2102 1014 2154 quae
1038 2088 1152 2136 erat
1176 2081 1316 2134 facta
1332 2096 1428 2147 per
1450 2078 1704 2141 obsidem,
1722 2076 1953 2145 puerum
1977 2074 2237 2138 nobilem,
2271 2081 2278 2085 '

547 2178 624 2231 Μ.
653 2173 1016 2231 Bambalionis
1037 2175 1304 2242 nepotem.
1372 2165 1721 2234 Quamquam
1752 2163 1955 2216 bonum
1985 2166 2039 2215 te
2067 2161 2238 2216 timor

543 2263 786 2327 faciebat,
810 2277 917 2313 non
941 2257 1234 2311 diuturnus
1261 2251 1515 2319 magister
1538 2248 1727 2301 officii:
1765 2246 2073 2315 improbum
2105 2244 2235 2299 fecit

541 2372 621 2419 ea,
656 2367 794 2420 quae,
830 2347 962 2400 dum
995 2344 1161 2398 timor
1192 2340 1358 2415 abest,
1393 2356 1426 2391 a
1467 2342 1522 2391 te
1556 2351 1666 2389 non
1710 2333 1947 2397 discedit,
1993 2331 2236 2385 audacia.

544 2438 662 2492 Etsi
685 2442 823 2499 tum,
856 2446 1030 2502 quum
1061 2427 1330 2496 optimum
1361 2429 1414 2476 te
1451 2420 1728 2491 putabant,
1751 2435 1839 2470 me
1874 2415 2094 2485 quidem
2126 2414 2235 2468 dis-

542 2523 820 2580 sentiente,
838 2512 1017 2570 funeri
1031 2510 1267 2581 tyranni,
1287 2508 1333 2562 si
1355 2505 1492 2561 illud
1510 2504 1673 2557 funus
1688 2501 1813 2567 fuit,
1831 2500 2233 2554 sceleratissime

544 2607 815 2680 praefuisti.
884 2606 970 2657 91.
1005 2600 1128 2653 Tua
1159 2597 1259 2650 illa
1280 2593 1509 2665 pulchra
1537 2590 1794 2654 laudati0,
1818 2594 1914 2641 tua
1937 2586 2228 2650 miseratio,

541 2705 639 2753 tua
668 2690 992 2749 cohortatio:
1029 2692 1110 2751 tu,
1142 2691 1224 2748 tu,
1254 2683 1497 2751 inquam,
1528 2678 1647 2731 illas
1676 2676 1817 2730 faces
1846 2674 2144 2738 incendisti,
2177 2681 2234 2727 et

543 2803 647 2851 eas,
679 2780 876 2851 quibus
909 2771 1295 2829 semustulatus
1323 2767 1418 2820 ille
1452 2772 1549 2829 est,
1573 2770 1629 2818 et
1658 2780 1761 2827 eas,
1789 2761 1985 2829 quibus
2014 2761 2233 2815 incensa

546 2873 608 2924 L.
644 2865 872 2923 Bellieni
902 2863 1094 2916 domus
1115 2853 1445 2925 deflagravit.
1525 2850 1616 2904 Tu
1639 2848 1759 2903 illos
1789 2848 2024 2915 impetus
2052 2846 2232 2916 perdi-

541 2965 723 3010 torum
762 2951 1048 3006 hominum
1089 2953 1143 3000 et
1184 2961 1257 2998 ex
1289 2939 1534 2993 maxima
1568 2942 1719 3006 parte
1762 2951 2056 2999 servorum,
2094 2949 2231 3000 quos

541 3060 637 3096 nos
668 3041 722 3092 vi
757 3051 1032 3103 manuque
1071 3028 1388 3098 repulimus,
1406 3024 1467 3077 in
1488 3026 1694 3076 nostras
1725 3019 1911 3073 domos
1941 3018 2231 3073 immisisti.
2255 3043 2280 3092 ς

545 3129 696 3181 Idem
726 3131 924 3186 tamen,
957 3118 1110 3189 quasi
1142 3114 1369 3182 fuligine
1401 3108 1651 3171 abstersa,
1689 3103 1913 3171 reliquis
1951 3102 2138 3156 diebus
2171 3089 2281 3182 infl

542 3211 804 3282 Capitolio
841 3205 1091 3277 praeclara
1124 3206 1338 3256 senatus
1371 3192 1613 3249 consulta
1641 3189 1829 3254 fecisti,
1865 3205 1933 3240 ne
1969 3204 2080 3255 qua
2109 3179 2278 3256 poss<

544 3300 673 3352 Idus
711 3293 935 3349 Martias
974 3284 1336 3343 immunitatis
1372 3277 1577 3343 tabula,
1611 3292 1745 3329 neve
1785 3274 1946 3343 cujus
1982 3272 2230 3328 beneficii

539 3384 808 3451 figeretur.
852 3372 1151 3429 Meministi
1173 3371 1286 3439 ipse
1311 3367 1376 3420 de
1399 3362 1704 3419 exsulibus:
1739 3359 1856 3424 sciS,
1881 3358 1946 3411 de
1969 3357 2230 3411 immuni-

541 3477 651 3524 tate
674 3466 804 3538 quid
823 3463 1035 3518 dixeris.
1085 3458 1387 3528 -Optimum
1403 3468 1548 3516 vero,
1567 3448 1709 3517 quod
1732 3447 2006 3526 dictaturae
2030 3460 2232 3499 nomen

539 3559 598 3610 in
620 3558 941 3624 perpetuum
959 3548 1024 3602 de
1046 3564 1106 3601 re
1123 3543 1339 3614 publica
1360 3536 1640 3595 sustulisti.
1698 3535 1825 3605 Quo
1841 3531 2063 3601 quidem
2086 3530 2230 3586 facto
