2307 3907
522 322 586 368 40
806 372 831 383 κ
978 321 1055 369 M.
1092 320 1344 370 TULLII
1380 321 1760 371 CICERONIS

524 462 746 517 Utinam
760 480 966 529 conere,
982 469 1047 518 ιιι
1062 463 1352 532 aliquando
1369 463 1504 517 illud
1512 481 1662 532 paene
1678 463 1924 519 tollatur!
1956 465 2034 520 At
2049 483 2214 534 quam

522 549 716 604 nobilis
736 555 817 604 est
839 556 934 605 tua
960 549 1055 603 illa
1086 548 1474 619 peregrinatio!
1512 550 1643 618 quid
1675 550 2026 619 prandiorum
2050 569 2216 621 appa-

522 642 685 699 ratus,
711 635 842 703 quid
866 635 1125 690 furiosam
1148 635 1497 693 vinolentiam
1528 642 1681 690 tuam
1709 636 2017 705 proferam?
2090 637 2214 691 Tua
2287 642 2288 697 Τ

522 721 623 775 ista
656 720 975 775 detrimenta
1008 728 1165 777 sunt:
1213 721 1310 775 illa
1342 726 1536 775 nostra.
1606 721 1817 791 Agrum
1853 721 2211 790 Campanum,

522 807 620 875 qui
654 824 828 876 quum
858 805 924 859 de
947 807 1296 876 vectigalibus
1332 807 1686 872 eximebatur,
1721 815 1785 862 ιιι
1819 808 2083 863 militibus
2120 810 2289 871 da--w⁴

523 899 689 956 retur,
725 898 908 945 tamen
941 892 1114 962 infligi
1148 910 1409 961 magnum
1443 894 1522 946 rei
1557 894 1784 962 publicae
1818 896 2017 950 vulnus
2051 904 2212 965 puta-
2265 871 2291 945 l

521 979 739 1031 bamus:
795 977 942 1031 hunc
987 983 1050 1031 tu
1097 980 1561 1046 compransoribus
1605 981 1714 1034 tuis
1759 987 1813 1034 et
1858 981 2212 1036 collusoribus

522 1064 806 1119 dividebas.
881 1065 1080 1119 Mimos
1113 1065 1229 1119 dico
1261 1071 1317 1120 et
1347 1066 1557 1131 mimas,
1592 1066 1775 1143 Patres
1811 1068 2112 1136 conscripti,
2151 1070 2209 1122 in

516 1169 646 1220 agro
694 1151 969 1220 Campano
1013 1151 1310 1207 collocatos.
1377 1153 1525 1222 Quid
1565 1155 1683 1223 jam
1729 1171 1925 1222 querar
1970 1154 2035 1208 de
2080 1172 2211 1224 agro

521 1237 822 1292 Leontino‘ss
880 1238 1329 1308 Quandoquidem
1353 1240 1435 1294 hae
1467 1240 1738 1308 quondam
1761 1243 2026 1295 arationes
2048 1242 2210 1295 Cam-

520 1341 660 1392 pana
693 1330 748 1379 et
791 1325 1052 1380 Leontina
1083 1327 1143 1379 in
1176 1326 1367 1395 populi
1401 1327 1632 1380 Romani
1665 1329 1984 1396 patrimonio
2018 1329 2209 1398 grandi
2289 1364 2290 1371 κ

520 1408 700 1465 fenore
734 1415 788 1463 et
822 1409 1106 1464 fructuosae
1140 1411 1465 1465 ferebantur.
1513 1412 1747 1467 *Medico
1781 1415 1887 1468 tria
1915 1414 2089 1468 millia
2119 1415 2210 1483 ju·
2289 1444 2290 1465 ι

520 1513 744 1564 gerum:
791 1496 939 1565 quid,
974 1499 1021 1551 si
1054 1505 1109 1551 te
1143 1497 1414 1553 sanasset?
1460 1498 1664 1553 rhetori
1698 1499 1837 1554 duo:
1888 1500 2036 1568 quid,
2071 1501 2119 1553 si
2155 1509 2208 1553 te

520 1581 780 1636 disertum
820 1582 992 1637 facere
1025 1582 1323 1650 potuisset?
1396 1583 1496 1638 Sed
1528 1583 1596 1637 ad
1629 1584 1733 1638 iter
1771 1584 2090 1654 Italiamque
2126 1603 2210 1638 re-

519 1668 754 1722 deamuS.
852 1718 859 1724 .

621 1755 740 1809 XL.
789 1758 906 1808 102.
954 1755 1249 1810 Deduxisti
1271 1756 1532 1810 coloniam
1556 1755 1871 1821 Casilinum,
1897 1774 2005 1825 quo
2029 1758 2209 1811 Caesar

516 1847 641 1896 ante
665 1841 977 1896 deduxerat.
1046 1842 1378 1897 Consuluisti
1402 1860 1489 1895 me
1520 1860 1618 1911 per
1638 1843 1820 1897 literas
1842 1843 1907 1896 de
1932 1844 2122 1912 Capua
2143 1850 2206 1898 tu

518 1926 777 1997 quidem3
811 1926 904 1982 sed
937 1926 1081 1981 idem
1116 1927 1183 1981 de
1219 1926 1453 1982 Casilino
1487 1926 1901 1996 respondissem:
1944 1945 2207 1997 possesne,
2290 1963 2293 2004 ι

517 2013 613 2067 ubi
635 2013 841 2068 colonia
863 2020 1014 2079 esset,
1038 2031 1101 2067 eo
1124 2013 1387 2068 coloniam
1412 2030 1606 2067 novam
1624 2013 1750 2081 jure
1773 2012 2049 2067 deducere.
2096 2013 2209 2066 Ne-
2253 2046 2293 2071 Α

515 2097 658 2167 gavi,
675 2097 734 2150 in
756 2114 875 2151 cam
899 2097 1182 2162 coloniam,
1202 2115 1322 2168 quae
1347 2103 1482 2152 esset
1503 2097 1776 2166 auspicato
1800 2098 2046 2162 deducta,
2071 2099 2204 2152 dum

515 2186 653 2235 esset
687 2180 988 2246 incolumis,
1024 2181 1290 2236 coloniam
1323 2200 1518 2237 novam
1560 2183 1686 2252 jure
1721 2182 1945 2237 deduci:
1994 2184 2209 2238 colonos

517 2285 681 2322 novos
725 2268 953 2322 adscribi
996 2286 1148 2337 posse
1198 2269 1460 2338 rescripsi.
1556 2267 1647 2321 Tu
1692 2273 1877 2322 autem
1922 2268 2210 2322 insolentia
2291 2249 2292 2342 Ῐ

517 2353 706 2420 elatus,
740 2355 888 2408 omni
918 2356 1280 2424 auspiciorum
1308 2357 1435 2425 jure
1467 2355 1699 2421 turbato,
1731 2355 2030 2412 Casilinum
2066 2356 2206 2409 colo-

514 2439 660 2493 niam
698 2438 986 2506 deduxisti,
1016 2458 1126 2508 quo
1158 2446 1272 2495 erat
1302 2441 1488 2509 paucis
1519 2440 1673 2493 annis
1706 2447 1831 2493 ante
1863 2440 2105 2505 deducta,
2142 2450 2206 2494 ut

518 2524 781 2579 vexillum
835 2525 1066 2592 tolleres,
1118 2534 1183 2580 ιιι
1236 2533 1478 2581 aratrum
1532 2525 1989 2580 circumduceres:
2048 2528 2134 2596 cuj
2143 2546 2207 2581 us

517 2611 737 2681 quidem
776 2629 992 2666 vomere
1033 2618 1246 2681 portam
1286 2612 1487 2682 Capuae
1534 2629 1683 2680 poene
1722 2613 2101 2680 perstrinxisti,
2142 2619 2207 2668 ut

515 2695 755 2751 florentis
787 2696 1002 2751 coloniae
1036 2699 1368 2752 territorium
1406 2698 1757 2751 minueretur.
1828 2699 1945 2751 103.
1983 2698 2069 2752 Ab
2102 2698 2203 2753 hac
2291 2727 2292 2734 κ

516 2782 839 2852 religionum
870 2784 1271 2851 perturbatione
1304 2785 1521 2839 advolas
1552 2784 1610 2838 in
1643 2784 1721 2837 M.
1753 2784 2023 2852 Varronis,
2056 2803 2202 2840 sanc-

515 2868 708 2922 tissimi
730 2874 893 2938 atque
921 2868 1252 2938 integerrimi
1275 2871 1393 2937 viri,
1422 2869 1658 2925 fundum
1689 2870 2009 2925 Casinatem.
2079 2870 2202 2939 Quo
2264 2939 2266 2942 ι

510 2951 677 3021 jure?
725 2970 834 3022 quo
872 2951 1000 3007 ore?
1071 2954 1295 3022 Eodem,
1330 2956 1556 3023 inquies,
1592 2972 1700 3023 quo
1739 2956 1798 3008 in
1836 2955 2098 3009 heredum
2140 2956 2199 3010 L.

517 3038 724 3106 Rubrii,
762 3056 868 3108 quo
906 3039 965 3092 in
995 3039 1258 3093 heredum
1293 3039 1354 3093 L.
1380 3039 1615 3093 Tarsam
1650 3040 1864 3109 praedia,
1898 3057 2007 3108 quo
2037 3040 2097 3092 in
2123 3058 2201 3094 re-
2250 3009 2293 3104 (ὓς

513 3124 690 3195 liquas
711 3125 1126 3181 innumerabiles
1147 3126 1512 3195 possessiones.
1580 3126 1656 3181 Et
1678 3126 1724 3181 si
1745 3126 1813 3180 ab
1836 3124 2005 3190 hasta,
2030 3126 2202 3182 valeat
2225 3091 2293 3210 ἢ

513 3210 687 3278 hasta,
722 3211 936 3267 valeant
969 3212 1184 3279 tabulae,
1219 3212 1379 3267 modo
1414 3212 1651 3279 Caesaris,
1688 3230 1796 3267 non
1831 3217 1967 3266 tuae:
2007 3214 2200 3281 quibus

515 3297 761 3366 debuisti,
786 3316 895 3355 non
927 3300 1125 3368 quibus
1146 3306 1211 3355 tu
1242 3305 1297 3355 te
1328 3300 1633 3355 liberavisti.
1705 3298 1958 3353 Varronis
1982 3300 2197 3369 quidem

515 3383 821 3440 Casinatem
865 3384 1097 3440 fundum
1144 3387 1269 3455 quis
1312 3387 1536 3441 veniisse
1590 3384 1756 3440 dicit?
1811 3386 1935 3455 quis
1990 3386 2197 3441 hastam

513 3469 669 3525 istius
702 3471 1021 3527 venditionis
1057 3470 1231 3526 vidit?
1279 3472 1400 3539 quis
1433 3488 1618 3525 vocem
1658 3471 1914 3540 praeconis
1952 3469 2198 3526 audivit?
