2307 3907
510 353 572 399 28
958 351 1034 400 Μ.
1072 351 1324 401 TULLII
1371 350 1753 401 CICERONIS

508 502 564 550 et
601 512 713 548 esse
750 494 1009 560 inimicos,
1049 500 1104 548 et
1131 494 1345 548 futuros
1384 493 1552 548 scias?
1625 494 1702 549 At
1726 512 1890 564 quam
1919 493 2212 548 insolenter

510 581 690 634 statim
731 578 895 633 heluo
922 581 1117 633 invasit
1156 581 1212 634 in
1248 581 1366 649 ejus
1389 581 1494 634 viri
1520 580 1781 645 fortunae,
1820 581 1979 649 cujus
2004 581 2210 632 virtute

509 664 800 718 terribilior
841 671 954 717 erat
992 665 1228 733 populus
1252 666 1526 718 Romanus
1550 667 1752 719 exteris
1791 665 2059 734 gentibue,
2093 665 2211 734 jus-

510 751 632 804 titia
668 751 868 804 carior.
857 748 877 788 2
986 775 999 786 ·

616 837 1084 891 XXVI1.66.111
1110 839 1230 908 ejus
1253 839 1421 908 igitur
1445 839 1548 892 viri
1570 839 1747 907 copias
1765 854 1935 905 quum
1955 855 2011 891 se
2027 838 2213 891 subito
2245 838 2267 856 “

510 926 907 994 ingurgitasset,
931 925 1236 980 exsultabat
1260 927 1471 996 gaudie,
1496 943 1723 995 persona
1745 926 1810 978 de
1834 925 2020 990 mimo,
2045 925 2211 978 modo

512 1028 691 1080 egene,
730 1017 948 1079 repente
989 1012 1150 1066 dives,
1226 1013 1344 1076 Sed,
1387 1017 1452 1066 ut
1480 1018 1561 1066 est
1595 1011 1738 1079 apud
1775 1019 1988 1078 poetam
2029 1009 2212 1063 nescio

512 1112 692 1162 quem,
731 1098 861 1150 nulle
881 1105 1034 1163 parta
1056 1099 1189 1151 male
1210 1101 1530 1151 dilabuntur.
1604 1095 1920 1150 Incredibile
1948 1112 2010 1148 ac
2032 1094 2216 1149 simile

514 1181 749 1249 portenti
788 1189 886 1248 est,
925 1200 1162 1251 quonam
1199 1184 1359 1238 modo
1396 1184 1493 1238 illa
1515 1191 1628 1238 tam
1653 1183 1843 1247 multa,
1884 1200 2045 1250 quam
2072 1201 2215 1251 pau-

512 1267 603 1332 cis,
639 1284 747 1320 non
773 1267 888 1321 dico
913 1268 1205 1334 mensibus,
1241 1269 1333 1322 sed
1368 1269 1557 1323 diebus
1591 1267 1860 1321 effuderit.
1929 1267 2217 1321 Maximus

514 1352 627 1405 vini
662 1369 922 1405 numerus
952 1351 1076 1418 fuit,
1115 1371 1473 1423 permagnum
1511 1353 1701 1420 optimi
1738 1353 1946 1421 pondus
1979 1353 2214 1422 argenti,

514 1440 746 1507 pretiosa
778 1441 955 1505 vestis,
1007 1441 1186 1494 multa
1222 1448 1277 1494 et
1322 1441 1472 1495 lauta
1512 1440 1777 1510 supellex,
1827 1447 1881 1493 et
1917 1440 2210 1509 magnifica

516 1524 706 1578 multis
750 1525 896 1592 locis,
948 1543 1057 1579 non
1104 1526 1200 1579 illa
1253 1527 1472 1596 quidem
1511 1526 1779 1579 luxuriosi
1828 1525 2075 1592 hominiS,
2115 1526 2210 1579 sed

515 1619 699 1664 tamen
751 1610 1089 1664 abundantis·
1163 1611 1378 1665 Horum
1430 1612 1615 1680 paucis
1663 1611 1850 1664 diebus
1903 1610 2042 1662 nihil
2075 1617 2214 1664 erat.

515 1694 599 1754 67.
637 1695 771 1764 Quae
807 1695 1110 1764 Charybdis
1143 1702 1258 1750 tam
1283 1696 1490 1751 vorax?
1561 1696 1873 1765 Charybdin
1897 1694 2052 1749 dico?
2088 1713 2216 1763 quae

515 1781 561 1834 si
597 1780 719 1845 fuit,
757 1779 864 1834 fuit
900 1780 1100 1833 animal
1137 1798 1310 1834 unum
1342 1800 1355 1835 :
1395 1781 1658 1847 Oceanus,
1684 1783 1892 1835 medius
1914 1781 2089 1846 fidius,
2114 1782 2217 1833 vix

517 1866 731 1920 videtur
766 1873 848 1920 tot
883 1884 984 1931 rea,
1021 1874 1133 1921 tam
1160 1868 1453 1936 dissipatae,
1493 1875 1605 1922 tam
1645 1869 1965 1922 distantibus
2001 1869 2059 1921 in
2082 1867 2218 1921 locis

519 1955 734 2023 positas,
773 1961 885 2008 tam
921 1957 1027 2010 cito
1072 1956 1352 2010 absorbere
1403 1958 1654 2025 potuisse.
1723 1957 1881 2009 Nihil
1918 1963 2034 2009 erat
2063 1956 2217 2009 clau-

2301 1950 2307 2038 4

519 2058 662 2104 sum,
697 2041 837 2094 nihil
860 2042 1222 2111 obsignatum,
1258 2042 1397 2096 nihil
1421 2044 1700 2111 scriptum.
1775 2044 2064 2112 Apothecae
2086 2048 2218 2096 totae
2281 2041 2307 2091 A

518 2128 858 2195 nequissimis
898 2128 1208 2183 hominibus
1245 2130 1700 2185 condonabantur.
1770 2132 1895 2184 Alia
1933 2131 2089 2183 mimi
2132 2148 2222 2185 ra-

521 2215 759 2283 piebant,
808 2215 915 2269 alia
947 2217 1158 2270 mimae:
1210 2217 1402 2271 domus
1453 2226 1568 2272 erat
1622 2218 1946 2272 aleatoribus
2000 2218 2220 2283 referta,

521 2300 680 2367 plena
720 2299 1022 2354 ebriorum:
1081 2307 1221 2355 totos
1262 2301 1374 2355 dies
1421 2305 1725 2372 potabatur,
1773 2311 1936 2372 atque
1985 2303 2039 2355 id
2084 2303 2223 2357 locis

2297 2123 2307 2270 1

518 2385 799 2453 pluribus:
837 2387 1260 2456 suggerebantur
1293 2389 1457 2442 etiam
1498 2408 1635 2458 saepe
1662 2388 1798 2458 (non
1821 2390 1964 2442 enim
2004 2406 2223 2458 semper
2303 2405 2307 2454 4

521 2474 620 2526 iste
651 2472 814 2543 felix)
854 2473 1051 2532 damn
1086 2472 1355 2529 aleatoris.
1426 2475 1794 2544 Conchyliatis
1832 2476 1933 2529 Cn.
1972 2475 2224 2543 Pompeii

523 2559 915 2627 peristromatis
951 2577 1230 2614 servorum
1268 2562 1324 2614 in
1359 2561 1507 2615 cellis
1552 2562 1717 2615 lectos
1764 2567 1955 2615 stratos
1996 2562 2222 2615 videres

518 2644 886 2714 Quamobrem
913 2645 1138 2700 desinite
1166 2647 1370 2712 mirari,
1406 2646 1518 2700 haec
1549 2653 1663 2700 tam
1688 2645 1931 2699 celeriter
1953 2662 2065 2699 esse
2095 2664 2223 2700 con-

523 2734 757 2797 sumpta.
829 2729 957 2783 Non
987 2730 1147 2784 modo
1183 2732 1347 2784 unius
1383 2732 1790 2800 patrimonium,
1823 2733 2075 2800 quamvis
2104 2750 2223 2785 am-

522 2816 697 2885 plum,
732 2823 797 2871 ut
830 2817 968 2870 illud
1005 2816 1130 2882 fuit,
1167 2818 1258 2871 scd
1294 2818 1456 2871 urbes
1493 2825 1548 2872 et
1585 2835 1753 2886 regna
1788 2819 2032 2872 celeriter
2068 2824 2226 2874 tanta

518 2902 758 2971 nequitia
803 2902 1058 2955 devorare
1111 2903 1387 2971 potuisset.
1474 2904 1550 2957 At
1595 2903 1736 2955 idem
1779 2902 1914 2955 aedes
1964 2903 2130 2956 etiam
2167 2910 2223 2956 et

522 2988 718 3043 hortos.
787 2991 872 3042 68.
926 2987 977 3041 O
1016 2988 1296 3042 audaciam
1343 2986 1667 3042 immanem!
1710 2993 1775 3040 tu
1811 2988 1975 3041 etiam
2013 2988 2226 3056 ingredi

523 3063 672 3129 illam
719 3074 943 3129 domum
979 3093 1144 3129 ausus
1184 3074 1278 3129 es?
1326 3082 1389 3129 tu
1427 3074 1563 3128 illud
1611 3074 2005 3128 sanctissimum
2053 3074 2224 3128 limen
2255 3053 2307 3184 ᾗ

524 3158 763 3214 intrare?
810 3166 874 3213 tu
911 3159 1132 3213 illarum
1172 3159 1368 3213 oedium
1406 3160 1509 3213 diis
1545 3161 1830 3229 penatibus
1869 3176 1928 3212 os
1970 3160 2228 3227 impuris-

525 3247 725 3302 simum
772 3246 1086 3302 ostendere?
1171 3248 1355 3317 Quam
1406 3248 1631 3302 domum
1676 3246 2010 3315 aliquamdiu
2063 3263 2224 3300 nemo

526 3333 796 3402 adspicere
826 3342 1055 3403 poterat,
1087 3353 1248 3390 nemo
1286 3337 1398 3390 sine
1435 3336 1671 3390 lacrimis
1708 3335 1995 3403 praeterire,
2032 3332 2136 3388 hac
2171 3341 2226 3389 te

527 3422 585 3473 in
621 3420 779 3475 domo
816 3422 1023 3476 tamdiu
1064 3423 1331 3477 deversari
1368 3440 1477 3477 non
1514 3422 1720 3493 pudet?
1763 3424 1821 3476 in
1864 3438 1989 3491 qua,
2031 3438 2224 3489 quam-

530 3508 612 3560 vis
638 3507 776 3560 nihil
808 3509 996 3577 sapias,
1033 3514 1217 3562 tamen
1246 3508 1386 3562 nihil
1418 3509 1520 3563 tibi
1542 3516 1718 3579 potest
1749 3526 1861 3563 esse
1892 3507 2223 3578 jucundum.
