2307 3907
908 122 913 125 .
2206 83 2271 253 Ι

549 369 608 413 ισ
985 365 1060 415 Μ.
1098 338 1352 415 ‘sunm
1386 367 1769 418 cmmoms

470 574 471 577 Ἴ
542 508 667 576 plus
701 508 865 562 etiam
901 525 1066 577 quam
1102 509 1395 577 parricidas
1429 526 1573 564 esse:
1612 509 1876 580 siquidem
1902 517 1986 565 est
2010 510 2271 566 atrocius

544 592 728 661 patriae
761 600 1059 660 parentem,
1095 611 1263 661 quam
1298 611 1461 647 suum
1497 594 1748 648 occidere.
1834 596 1923 649 Tu
1961 596 2145 650 homo
2186 614 2271 650 sa-

544 678 694 747 piens
745 683 801 730 et
853 679 1199 745 considerate,
1246 681 1379 748 quid
1430 681 1602 736 dicis?
1675 683 1732 735 Si
1778 683 2104 751 parricidae:
2163 702 2271 737 cur

543 761 759 817 honoris
797 780 958 816 causa
990 780 1024 816 a
1056 770 1111 818 te
1147 771 1275 818 sunt
1310 770 1365 820 et
1398 766 1457 818 in
1496 765 1599 820 hoc
1645 769 1829 823 ordine
1865 773 1921 823 et
1954 769 2114 838 apud
2162 787 2271 838 po-

541 849 737 918 pulum
774 848 1082 905 Romanum
1118 870 1331 922 semper
1363 854 1662 922 appellati?
1741 855 1856 909 Cur
1892 842 1976 909 M.
2016 856 2271 921 BrutuS,

542 943 595 988 te
631 930 909 1002 referente,
934 937 1143 1006 legibus
1180 945 1259 993 est
1294 937 1519 1005 solutus,
1556 940 1602 993 si
1634 941 1702 994 ab
1738 940 1870 994 urbe
1904 940 2051 1008 pluS,
2078 958 2270 1008 quam.

544 1021 727 1075 decem
770 1020 883 1074 dies
923 1020 1221 1077 abfuisset?
1271 1040 1371 1079 cur
1412 1023 1530 1076 ludi
1567 1023 1905 1097 Apollinares
1937 1025 2270 1079 incredibili

547 1106 626 1159 M.
661 1106 824 1160 Bruti
871 1104 1074 1169 honore
1122 1107 1419 1162 celebrati?
1473 1126 1573 1161 cur
1624 1110 1909 1178 provinciae
1957 1111 2143 1165 Bruto
2200 1119 2261 1166 et

544 1192 723 1246 Cassio
756 1190 932 1245 dataez
969 1210 1068 1245 cur
1101 1199 1391 1261 quaestores
1424 1194 1622 1250 additi?
1666 1214 1764 1250 cur
1797 1196 2106 1266 legatorum
2144 1215 2255 1253 nu—

539 1296 721 1332 merus
761 1278 992 1334 auctus?
1062 1279 1248 1349 Atque
1290 1279 1405 1334 haec
1453 1288 1573 1335 acta
1613 1300 1718 1350 pen
1752 1288 1824 1337 te.
1892 1283 1951 1336 N
1953 1301 2026 1337 011
2071 1285 2250 1353 igitur

540 1363 834 1418 homicidae.
911 1364 1185 1432 Sequitur,
1221 1370 1286 1418 ut
1333 1364 1645 1420 liberatores
1693 1373 1789 1429 tuo
1835 1369 2043 1436 judicio
2092 1371 2243 1424 sint:

543 1448 979 1518 quandoquidem
1015 1449 1242 1503 tertium
1264 1449 1403 1504 nihil
1426 1456 1604 1518 potest
1626 1469 1753 1507 esse.
1822 1454 1907 1506 32.
1942 1452 2096 1522 Quid
2120 1455 2241 1508 est?

541 1555 678 1591 num
716 1535 978 1590 conturbo
1021 1534 1118 1590 te?
1190 1535 1316 1589 Non
1360 1538 1505 1591 enim
1549 1538 1770 1592 fortaaee
1813 1540 1955 1605 satiS,
1994 1558 2116 1610 quae
2159 1541 2240 1594 di-

537 1623 781 1692 junctius
830 1621 1104 1686 dicuntur,
1141 1621 1416 1690 intelligis
1489 1621 1591 1676 Sed
1639 1629 1823 1677 tamen
1864 1623 1976 1678 haec
2018 1642 2237 1680 summa

541 1716 622 1765 est
670 1707 1023 1764 conclusionis
1069 1723 1235 1761 meae:
1288 1706 1545 1776 quoniam
1594 1706 1789 1761 scelere
1837 1725 1870 1762 a
1917 1716 1971 1763 te
2021 1710 2234 1763 liberati

541 1804 684 1861 sunt,
719 1795 786 1850 ab
821 1794 1009 1848 eodem
1043 1799 1096 1848 te
1131 1793 1477 1861 amplissimis
1510 1794 1745 1861 praemiis
1780 1792 2115 1862 dignissimos
2140 1797 2232 1864 ju-

540 1886 754 1939 dicatos.
807 1882 1000 1950 Itaque
1030 1881 1146 1949 jam
1180 1884 1369 1934 retexo
1404 1880 1701 1933 orationem
1734 1896 1931 1933 meam.
1990 1881 2227 1934 Scribam

538 1970 606 2025 ad
639 1969 777 2033 illos,
801 1974 881 2033 ut,
918 1967 964 2020 si
998 1967 1096 2035 qui
1129 1966 1284 2031 forte,
1311 1966 1453 2035 quod
1492 1983 1527 2019 a
1559 1970 1614 2019 te
1648 1964 1788 2018 mihi
1823 1966 2099 2034 objectum
2131 1974 2226 2031 est,

446 2119 451 2124 p
536 2062 797 2127 quaerent,
822 2056 960 2109 sitne
984 2070 1176 2108 verum
1201 2071 1215 2107 z
1251 2070 1328 2106 ne
1360 2053 1450 2106 cui
1486 2062 1699 2121 negent.
1770 2052 1991 2106 Etenim
2026 2070 2225 2117 vereor,

539 2162 607 2197 ne
641 2148 738 2197 aut
766 2141 1000 2196 celatum
1034 2155 1140 2204 me,
1165 2137 1275 2191 illis
1307 2137 1438 2205 ipsis
1470 2153 1580 2190 non
1613 2136 1902 2190 honestum
1923 2154 1941 2204 3
1974 2143 2070 2192 aut
2093 2138 2228 2192 invi-

538 2236 716 2284 tatum
749 2228 1023 2301 refugisse,
1059 2225 1200 2279 mihi
1231 2225 1305 2279 sit
1338 2224 1728 2292 turpissimum.
1798 2224 1933 2293 Quae
1968 2226 2111 2278 enim
2144 2244 2227 2281 res

539 2330 783 2383 unquam
820 2310 946 2380 (pro
981 2316 1160 2365 sancte
1195 2309 1417 2378 Jupiter
1437 2308 1481 2378 Ξ)
1516 2326 1626 2362 non
1657 2308 1814 2362 modo
1848 2309 1909 2362 in
1943 2308 2041 2363 hac
2076 2311 2223 2375 urbe,

539 2400 632 2454 sed
665 2400 724 2453 in
758 2398 1009 2452 omnibus
1042 2396 1201 2450 terris
1235 2402 1315 2449 est
1348 2402 1499 2464 gesta
1519 2394 1733 2463 major?
1771 2413 1891 2464 quae
1912 2396 2222 2464 gloriosior?

540 2504 660 2556 quae
712 2482 1135 2539 commendatior
1185 2481 1471 2535 hominum
1524 2482 1797 2535 memoriae
1850 2485 2219 2551 sempiternae?

542 2576 610 2628 In
644 2573 812 2642 hujus
846 2589 934 2624 me
968 2575 1031 2625 tu
1067 2570 1274 2625 consilii
1307 2569 1614 2623 societatem
1637 2574 1918 2638 tamquam
1943 2570 2001 2623 in
2022 2590 2217 2641 equum

543 2660 847 2728 Trojanum
881 2675 1009 2711 cum
1042 2654 1378 2725 principibus
1401 2651 1671 2706 includis?
1740 2655 1825 2707 33.
1861 2654 1988 2709 Non
2010 2673 2216 2712 recuso:

539 2763 640 2816 ago
681 2745 847 2800 etiam
895 2744 1108 2814 gratim,
1152 2758 1373 2811 quoquo
1414 2740 1596 2793 animo
1638 2741 1785 2794 facis.
1863 2741 2039 2797 Tanta
2078 2746 2216 2802 enim

540 2850 626 2886 res
659 2837 756 2895 est,
784 2835 855 2883 ut
877 2828 1155 2882 invidiam
1194 2827 1371 2892 istam,
1408 2842 1574 2895 quam
1617 2832 1680 2880 tu
1727 2827 1783 2879 in
1818 2845 1907 2881 me
1942 2829 2021 2882 vis
2052 2831 2215 2884 conci-

539 2926 671 2984 tare,
714 2935 843 2971 cum
889 2916 1049 2970 laude
1089 2932 1199 2968 non
1240 2930 1564 2982 comparem.
1621 2912 1781 2982 ⁴Quid
1829 2914 1974 2967 enim
2022 2915 2213 2971 beatius

539 3005 665 3069 illis,
702 3021 837 3073 quos
871 3009 934 3056 tu
966 3001 1223 3069 expulsos
1255 3016 1288 3052 a
1324 3003 1380 3053 te
1414 2997 1667 3066 praedicas
1700 3004 1755 3052 et
1790 2998 2083 3068 relegatos?
2123 3004 2210 3071 qui
2269 2997 2270 3040 ³

538 3092 688 3146 locus
729 3097 810 3144 est
847 3095 943 3143 aut
991 3094 1104 3143 tam
1149 3088 1407 3151 desertus,
1450 3089 1548 3137 aut
1588 3090 1700 3137 tam
1742 3084 2081 3153 inhumanuS,
2124 3090 2209 3158 qui
2251 3127 2271 3192 λ

538 3178 676 3243 illos,
713 3192 931 3246 quoquo
970 3172 1302 3235 accesserint,
1337 3186 1447 3223 non
1479 3168 1635 3222 affari
1668 3174 1831 3236 atque
1865 3177 2106 3239 appetere
2139 3174 2212 3225 vi·
2265 3201 2271 3248 1

543 3262 772 3320 dentur?
815 3263 913 3332 qui
953 3261 1201 3314 homines
1242 3264 1358 3313 tam
1400 3261 1651 3326 agrestes,
1688 3256 1785 3324 qui
1819 3273 1893 3323 se,
1929 3274 2092 3325 quum
2128 3277 2208 3313 eos

542 3348 903 3418 adspexerint,
937 3362 1047 3399 non
1090 3344 1401 3413 maximum
1444 3340 1643 3409 cepisse
1685 3341 1810 3393 vitae
1854 3341 2085 3397 fructum
2115 3363 2206 3414 pu-

542 3431 698 3488 tent?
735 3449 852 3501 quae
887 3447 1013 3485 vero
1047 3436 1164 3483 tam
1198 3430 1486 3482 immemor
1518 3427 1816 3496 posteritas,
1852 3446 1969 3497 quae
1998 3436 2101 3484 tam
2132 3432 2207 3484 in-

542 3525 704 3588 gratae
740 3518 908 3571 literae
942 3516 1297 3586 reperientur,
1334 3532 1455 3583 quae
1501 3531 1688 3567 eorum
1723 3514 1949 3584 gloriam
1983 3533 2082 3572 non
2112 3518 2204 3572 im-
