2307 3907
382 328 663 378 ORATIO
712 328 1130 380 PHILIPPICA
1176 326 1524 377 SECUNDA.
1734 326 1799 373 23

78 468 404 536 reperietis,
483 451 568 522 51.
616 468 779 534 Nam,
817 486 989 537 quum
1028 467 1088 521 L.
1133 468 1381 534 Lentulo,
1424 467 1486 521 C.
1525 465 1804 533 Marcello,

78 554 436 621 consulibus,
464 555 739 613 ,Kalendis
774 555 1047 608 Januariis
1092 554 1364 608 labantem
1411 561 1465 608 et
1504 571 1671 622 prope
1718 570 1801 607 ca-

81 640 328 694 dentem
386 659 502 695 rem
551 642 825 710 publicam
881 642 1073 695 fulcire
1127 642 1410 710 cuperetiS,
1467 641 1679 709 ipsique
1736 640 1798 695 C.

86 727 325 793 Caesari,
374 730 420 782 si
465 746 592 783 sana
638 734 820 783 mente
865 735 1017 794 esset,
1065 729 1339 782 consulere
1386 727 1624 781 velletis:
1679 734 1798 780 tum

17 820 63 885 5
84 814 203 866 iste
246 814 532 867 venditum
568 819 732 884 atque
764 816 1161 884 emancipatum
1199 814 1536 867 tribunatum
1572 811 1800 866 consiliis

90 901 302 954 vestris
323 901 590 969 opposuit,
622 901 957 970 cervicesque
988 919 1112 954 suas
1139 900 1192 954 ei
1222 899 1451 968 subjecit
1480 899 1670 964 securi,
1693 915 1802 966 qua

92 987 273 1040 multi
311 988 608 1042 minoribus
643 989 702 1042 in
725 988 952 1056 peccatis
984 988 1307 1041 occiderunt.
1379 988 1448 1040 In
1482 992 1554 1051 te,
1586 985 1662 1038 M.
1687 985 1801 1053 An-

94 1075 239 1139 toni,
274 1074 328 1127 id
363 1076 594 1128 decrevit
628 1080 859 1140 senatm,
894 1081 949 1129 et
979 1073 1197 1143 quidem
1229 1072 1528 1137 incolumis,
1558 1071 1798 1125 nondum

97 1166 188 1213 tot
231 1160 531 1215 luminibus
568 1162 840 1228 extinctiS,
887 1162 1030 1232 quod
1074 1162 1133 1214 in
1171 1160 1382 1214 hostem
1418 1166 1661 1228 togatum
1710 1159 1800 1212 de-

97 1246 256 1298 cerni
294 1252 377 1300 est
415 1247 634 1301 solitum
670 1264 820 1302 more
853 1248 1140 1317 majorum.
1214 1248 1289 1301 Et
1327 1254 1392 1301 tu
1430 1247 1573 1315 apud
1616 1246 1799 1300 Patres

100 1331 434 1400 conscriptos
472 1338 658 1388 contra
696 1352 785 1388 me
824 1335 998 1387 dicere
1042 1352 1205 1388 ausus
1250 1352 1324 1400 ee,
1370 1350 1540 1403 quum
1588 1333 1657 1386 ab
1696 1331 1797 1386 hoc

102 1416 295 1470 ordine
331 1436 429 1486 ego
463 1426 800 1473 conservator
835 1437 1022 1480 essem,
1055 1427 1116 1473 tu
1155 1419 1322 1473 hostis
1350 1419 1429 1471 rei
1451 1417 1678 1486 publicae
1708 1417 1800 1486 ju-

103 1500 355 1555 dicatus?
426 1503 878 1558 commemoratio
921 1504 1068 1559 illius
1113 1506 1196 1558 tui
1241 1504 1452 1558 sceleris
1496 1503 1797 1557 intermissa

103 1595 205 1653 est,
242 1606 350 1643 non
381 1592 643 1645 memoria
677 1592 866 1647 deleta.
942 1593 1088 1646 Dum
1124 1610 1294 1660 genus
1329 1591 1632 1656 hominum,
1665 1589 1795 1642 dum

106 1676 302 1744 populi
340 1676 570 1731 Romani
604 1696 802 1733 nomen
837 1679 1086 1738 exstabit,
1128 1678 1302 1748 (quod
1342 1678 1562 1747 quidem
1596 1677 1716 1740 erit,
1752 1678 1797 1729 si

108 1780 209 1831 per
248 1770 302 1818 te
341 1765 538 1831 licebit,
572 1768 960 1836 sempiternum
978 1764 1022 1836 Ξ)
1074 1771 1173 1821 tua
1211 1766 1306 1819 illa
1344 1764 1596 1834 pestifera
1634 1765 1796 1816 inter-

108 1849 274 1903 cessio
320 1852 698 1905 nominabitur.
784 1855 868 1907 52.
915 1852 1064 1922 Quid
1109 1850 1302 1921 cupide
1339 1869 1372 1904 a
1416 1858 1623 1912 senatu,
1664 1848 1795 1917 quid

113 1942 314 1989 temere
360 1936 538 2004 fiebat,
580 1956 754 2007 quum
800 1945 880 2007 tu,
925 1958 1069 1994 unus
1113 1938 1433 2003 adolescens,
1480 1936 1793 1990 universum

19 2030 57 2130 ἃ
113 2020 355 2074 ordinein
396 2022 677 2077 decernere
724 2022 789 2078 de
829 2024 1000 2078 salute
1046 2024 1127 2078 rei
1168 2023 1394 2092 publicae
1434 2019 1795 2090 prohibuisti?

20 2137 23 2152 2
114 2123 289 2176 neque
324 2106 378 2159 id
413 2108 598 2172 semel,
633 2107 725 2162 sed
760 2107 990 2177 saepiusZ
1024 2125 1203 2175 neque
1242 2113 1305 2160 tu
1337 2113 1517 2160 tecum
1555 2105 1621 2158 de
1651 2122 1799 2159 sena-

116 2197 206 2246 tus
250 2194 564 2248 auctoritate
603 2195 691 2263 agi
729 2212 916 2262 passus
955 2193 1050 2249 es?
1120 2194 1269 2262 Quid
1300 2202 1483 2247 autem
1522 2192 1795 2261 agebatur,

118 2278 221 2332 nisi
255 2296 322 2332 ne
364 2279 529 2334 deleri
562 2286 616 2333 et
654 2281 824 2334 everti
868 2298 982 2333 rem
1022 2280 1296 2349 publicam
1336 2278 1584 2333 funditus
1617 2277 1795 2339 velles,

115 2383 286 2433 quum
322 2371 375 2419 te
412 2383 585 2435 neque
627 2367 891 2436 principes
926 2367 1157 2420 civitatis
1193 2365 1441 2434 rogando,
1475 2383 1651 2434 neque
1684 2381 1798 2420 ma-
1875 2353 1881 2358 ⁴

112 2453 255 2521 jores
293 2457 424 2506 natu
468 2452 751 2517 monendo,
799 2470 976 2521 neque
1014 2451 1268 2520 frequens
1316 2461 1531 2506 senatus
1577 2452 1796 2520 agendo,

120 2538 181 2592 de
229 2537 442 2591 vendita
494 2547 658 2607 atque
720 2538 931 2592 addicta
979 2540 1244 2592 sententia
1304 2555 1519 2591 movere
1578 2537 1797 2606 potuit?

121 2624 263 2678 Tum
310 2623 463 2688 illud,
503 2623 692 2678 multis
726 2625 886 2678 rebus
924 2628 1049 2678 ante
1094 2625 1330 2688 tentatis,
1377 2625 1668 2679 necessario
1699 2624 1797 2678 tibi

24 2763 27 2774 ,
123 2709 315 2762 vulnus
354 2710 621 2764 inflictum
651 2716 748 2777 est,
788 2710 934 2779 quod
969 2710 1152 2778 paucis
1183 2714 1308 2763 ante
1344 2714 1414 2776 te,
1452 2727 1686 2778 quorum
1720 2711 1801 2763 in-

24 2781 25 2806 *
124 2795 342 2850 columis
374 2797 481 2850 fuit
516 2813 689 2849 nemo.
758 2798 843 2848 53.
880 2795 1028 2848 Tum
1065 2804 1251 2850 contra
1283 2800 1338 2850 te
1374 2795 1522 2850 dedit
1542 2813 1692 2849 arma
1712 2795 1801 2849 hic

25 2817 37 3028 l
128 2882 249 2935 ordo
292 2883 597 2937 consulibus
641 2884 968 2952 reliquisque
1025 2884 1266 2952 imperiis
1311 2890 1366 2938 et
1418 2885 1798 2952 potestatibus:

128 2984 242 3035 quae
264 2985 369 3021 non
391 2968 685 3037 effug-isses,
716 2970 819 3021 nisi
853 2975 906 3022 te
928 2969 996 3022 ad
1027 2985 1179 3022 arma
1201 2969 1421 3022 Caesaris
1443 2970 1768 3024 contulisses.

28 3035 67 3104 “k
227 3054 407 3108 XXII.
456 3054 565 3123 Tu,
599 3062 680 3122 tu,
726 3057 968 3125 inquam,
1029 3056 1109 3110 Μ.
1157 3055 1377 3119 Antoni,
1434 3057 1682 3125 princeps
1740 3055 1799 3109 C.

131 3141 331 3206 Caesari,
367 3141 549 3195 omnia
578 3142 892 3210 perturbare
928 3143 1184 3211 cupienti,
1219 3157 1432 3194 causam
1469 3140 1598 3194 belli
1620 3146 1804 3195 contra

132 3226 351 3294 patriam
394 3224 658 3280 inferendi
702 3226 909 3281 dedisti.
980 3226 1128 3296 Quid
1166 3226 1312 3280 enim
1350 3226 1498 3280 aliud
1536 3225 1628 3280 ille
1667 3226 1805 3281 dice-

132 3309 254 3365 b‘at3
306 3328 467 3379 quam
517 3328 730 3365 causam
779 3312 864 3365 sui
898 3311 1285 3366 dementissimi
1328 3312 1533 3366 consilii
1577 3317 1633 3366 et
1677 3310 1804 3365 facti

132 3397 387 3463 afferebat,
412 3398 513 3451 nisi
545 3397 688 3467 quod
717 3397 1021 3451 intercessio
1042 3398 1301 3467 neglecta,
1335 3399 1430 3467 jus
1456 3398 1803 3452 tribunicium

137 3483 414 3547 sublatum,
472 3483 905 3552 circumscriptus
969 3501 1003 3537 a
1059 3491 1247 3538 senatu
1306 3487 1442 3538 esset
1498 3481 1803 3538 Antonius?
