2307 3907
33 85 2215 259 [ψ

366 375 647 427 ORATIO
683 375 1106 425 PHILIPPICA
1142 374 1491 427 SECUNDA.
1720 373 1778 421 13

58 537 155 574 res
179 518 462 589 agebatur,
495 536 653 572 nemo
686 519 745 571 in
774 535 863 570 me
898 518 1057 583 dixit,
1095 517 1150 570 id
1183 522 1265 571 tot
1296 517 1450 570 annis
1481 522 1601 585 post
1633 522 1695 569 tu
1724 534 1779 568 es

56 608 334 661 inventus
369 608 466 675 qui
506 603 743 659 diceres?
814 607 899 657 23.
933 603 1095 673 Quod
1129 621 1254 657 vero
1296 604 1468 657 dicere
1506 620 1669 656 ausus
1709 620 1781 668 es,

58 694 246 762 idque
288 694 478 747 multis
516 692 710 757 verbis,
758 708 920 760 opera
964 708 1087 744 mea
1128 690 1448 758 Pompeium
1489 706 1522 743 a
1561 689 1782 743 Caesaris

57 781 321 835 amicitia
350 780 466 834 'esse
504 781 833 848 dijunctum,
862 778 930 831 ob
963 794 1191 845 eamque
1222 793 1436 830 causam
1469 775 1629 845 culpa
1661 792 1783 829 mea

33 840 241 920 inile
264 865 472 919 bellum
504 882 614 918 esse
645 871 867 918 natum:
904 865 962 916 in
994 881 1057 917 eo
1087 880 1199 916 non
1230 869 1291 916 tu
1317 861 1538 931 quidem
1567 867 1684 916 tota
1706 879 1782 928 re,

62 952 191 1018 sed,
218 952 363 1022 quod
386 952 694 1005 maximum
718 955 816 1015 est,
840 950 1175 1018 temporibus
1196 949 1400 1002 errasti.

186 1039 259 1093 X.
328 1037 446 1108 Ego
495 1038 571 1091 Μ.
624 1037 840 1102 Bibulo,
896 1035 1332 1104 proestantissimo
1378 1035 1500 1100 civi,
1546 1036 1780 1100 consule,

66 1127 225 1181 nihil
261 1125 590 1195 praetermisi,
633 1130 901 1193 quantum
939 1123 1113 1177 facere
1155 1122 1394 1189 enitique
1434 1122 1606 1190 potui,
1650 1122 1785 1190 quin

72 1212 410 1280 Pompeium
451 1227 485 1263 a
518 1209 740 1263 Caesaris
781 1209 1157 1279 conjunctione
1193 1225 1488 1262 avocarem.
1561 1209 1630 1261 In
1676 1226 1784 1277 quo

74 1299 268 1353 Caesar
296 1297 503 1352 felicior
534 1297 677 1362 fuit3
714 1299 826 1366 ipse
858 1297 1005 1350 enim
1038 1295 1360 1364 Pompeium
1389 1313 1423 1349 a
1444 1313 1566 1349 mea
1586 1295 1787 1350 famili-

71 1385 280 1439 aritate
303 1384 559 1453 dijunxit.
634 1383 823 1436 Postea
844 1399 989 1447 vero,
1015 1398 1182 1452 quam
1214 1399 1268 1435 se
1293 1386 1471 1436 totum
1496 1381 1787 1450 Pompeius

77 1470 289 1524 Caesari
310 1470 548 1536 tradidit,
574 1469 705 1539 quid
731 1486 829 1538 ego
852 1467 1013 1520 illum
1038 1468 1106 1520 ab
1124 1485 1187 1520 eo
1219 1467 1512 1521 distrahere
1536 1466 1785 1521 conarer?

78 1554 257 1610 Stulti
279 1559 396 1609 erat
417 1571 654 1623 sperare:
689 1553 912 1607 suadere
935 1548 1283 1621 impudentis.
1334 1556 1418 1606 24.
1454 1552 1580 1606 Duo
1603 1558 1787 1608 tamen

78 1647 335 1709 tempora
352 1641 672 1706 inciderunt,
698 1641 896 1710 quibus
918 1640 1123 1709 aliquid
1143 1645 1330 1694 contra
1346 1640 1611 1694 Caesarem
1630 1641 1788 1694 Pom-

78 1728 213 1797 peio
247 1727 522 1782 suaserim.
594 1726 675 1797 Ea
697 1726 863 1781 velim
894 1726 1271 1803 reprehendaS,
1300 1727 1345 1780 si
1376 1733 1557 1795 potes:
1595 1745 1788 1793 unum,

83 1832 158 1868 ne
197 1812 557 1883 quinquennii
591 1812 882 1880 imperium
923 1812 1119 1865 Caesari
1155 1818 1496 1881 prorogaret:
1538 1812 1789 1877 alterum,

84 1917 159 1953 ne
185 1905 462 1969 pateretur
506 1897 651 1964 ferri,
706 1903 771 1951 ut
817 1896 1050 1950 absentis
1095 1880 1218 1966 ejus
1268 1898 1437 1950 oratio
1484 1896 1791 1952 haberetur.

85 1987 345 2056 Quorum
369 1986 414 2039 si
443 1984 716 2038 utrumvis
746 1984 1139 2053 persuasissem,
1173 1985 1233 2038 in
1262 1984 1359 2038 has
1391 1987 1631 2041 miserias
1651 2005 1792 2040 nun-

33 2055 262 2140 ?quam
302 2071 684 2124 incidissemus.
753 2067 938 2138 Atque
975 2069 1118 2122 idem
1161 2086 1277 2137 ego,
1318 2087 1488 2139 quum
1526 2072 1643 2140 jam
1667 2090 1794 2141 opes

90 2173 283 2211 omnes
313 2164 369 2210 et
392 2173 530 2223 suas,
552 2160 607 2210 et
630 2155 819 2224 populi
849 2154 1100 2219 Romani,
1127 2154 1417 2223 Pompeius
1439 2155 1506 2208 ad
1530 2156 1794 2210 Caesarem

92 2242 393 2307 detulisset,
427 2259 652 2311 seroque
692 2259 756 2295 ea
797 2242 995 2298 sentire
1035 2241 1297 2309 coepisset,
1332 2259 1452 2310 quae
1487 2260 1586 2312 ego
1619 2244 1795 2299 multo

93 2335 224 2385 ante
258 2329 614 2399 provideram,
644 2328 938 2396 inferrique
969 2328 1157 2396 patriae
1187 2328 1394 2382 bellum
1426 2330 1694 2384 nefarium
1718 2332 1798 2384 vi-

96 2417 307 2470 derem:
351 2416 513 2484 pacis,
550 2414 855 2479 concordiae,
888 2414 1286 2482 compositionis
1315 2422 1507 2471 auctor
1541 2435 1652 2472 esse
1688 2435 1799 2472 non

96 2502 299 2566 destiti,
335 2519 563 2570 meaque
598 2500 694 2554 illa
728 2517 840 2553 vox
873 2505 954 2553 est
987 2505 1116 2553 nota
1147 2501 1371 2555 multis:
1428 2504 1660 2568 Utinam,
1702 2507 1799 2559 Cn.

96 2591 334 2656 Pompei,
365 2605 485 2641 cum
521 2588 578 2642 C.
618 2588 833 2641 Coesare
863 2589 1147 2640 societatem
1178 2595 1274 2642 aut
1301 2606 1575 2657 nunquam
1602 2595 1800 2657 coisses,

95 2684 195 2730 aut
217 2692 493 2742 nunquam
515 2676 804 2727 div-misses
818 2672 843 2725 !
864 2673 989 2739 suit
1019 2674 1240 2727 alterum
1262 2679 1556 2743 gyravitatis,
1579 2680 1800 2732 alterum

91 2765 394 2832 prudentiae
433 2769 555 2815 tuce.
627 2759 761 2814 Haec
799 2776 939 2823 mea,
990 2759 1067 2812 Μ.
1109 2759 1331 2827 Antoni,
1378 2778 1591 2831 semper
1634 2772 1687 2818 et
1735 2766 1799 2820 de

102 2849 380 2917 Pompei0‚
436 2853 491 2901 et
537 2847 601 2899 de
647 2863 704 2898 re
749 2844 968 2913 publica
1011 2844 1232 2898 consilia
1275 2845 1536 2901 fuerunt:
1586 2866 1706 2916 quae
1757 2852 1803 2904 si

102 2933 415 2998 valuissent,
448 2949 533 2984 res
562 2930 780 3000 publica
815 2934 997 2996 staret,
1027 2938 1092 2983 tu
1132 2932 1243 2984 tuis
1286 2931 1518 3000 flagitiis,
1551 2922 1801 3002 egestate,

36 3043 37 3056 ¹
101 3019 330 3074 infamia
351 3018 680 3072 concidisses.

42 3093 69 3138 ³·
210 3105 312 3159 XI.
349 3106 432 3157 25.
493 3102 594 3156 Sed
621 3102 733 3156 haec
757 3107 966 3156 vetera:
1004 3102 1140 3155 illud
1167 3120 1291 3156 vero
1316 3121 1514 3169 recens,
1541 3106 1803 3161 Caesarem

35 3105 229 3344 ?¹meo
254 3188 472 3242 consilio
494 3186 854 3242 interfectum.
913 3186 1042 3240 Jam
1065 3204 1269 3254 vereor,
1295 3189 1480 3244 Patres
1506 3193 1807 3262 conscripti,

104 3295 193 3343 ne,
239 3275 384 3345 quod
424 3275 800 3344 turpissimum
837 3279 936 3340 est,
975 3275 1433 3343 praevaricatorem
1470 3277 1608 3332 mihi
1643 3297 1809 3350 appo-

106 3365 276 3418 suisse
298 3361 501 3427 videar,
535 3363 633 3431 qui
663 3380 751 3416 me
780 3379 892 3416 non
922 3362 1099 3415 solum
1130 3363 1267 3416 meis
1295 3363 1547 3420 laudibus
1578 3375 1808 3434 ornaret,

36 3495 37 3498 ,
109 3448 200 3503 sed
236 3447 403 3501 etiam
437 3453 683 3501 oneraret
716 3446 920 3501 alienis.
989 3445 1129 3515 Quis
1162 3448 1309 3502 enim
1343 3467 1531 3504 meum
1562 3452 1621 3505 in
1655 3454 1811 3509 istius

36 3541 45 3624 ss
111 3533 475 3605 gloriosissimi
520 3532 650 3588 facti
700 3533 1021 3587 conscientia
1065 3550 1266 3589 nomen
1316 3536 1568 3593 audivit?
1638 3540 1813 3611 Cujus

49 3640 59 3698 1

46 3725 53 3787 ᾖ
2109 3701 2172 3734 Υ
