2307 3907
551 352 616 398 38
1003 338 1078 402 Μ.
1116 355 1369 404 'runnu
1405 355 1787 406 CICERONIS

549 526 777 577 aequum·
812 511 954 566 dixit
998 512 1190 568 videri.
1259 514 1575 584 Syngrapha
1621 515 1851 570 sestertii
1896 515 2097 569 centies
2143 533 2246 585 per

545 593 761 663 legatos,
785 596 929 650 viros
950 596 1132 664 bonoS‚
1158 597 1246 652 sed
1271 599 1486 653 timidos
1509 605 1564 654 et
1585 600 1879 669 imperitos,
1899 601 2013 655 sine
2037 607 2242 666 nostra,

541 681 655 735 sine
678 683 1012 752 reliquorum
1036 685 1310 754 hospitum
1331 688 1472 756 regis
1495 689 1774 753 sententia,
1798 687 1941 741 facta
1971 686 2031 740 in
2054 590 2307 899 W]

547 786 676 824 ceo:
731 788 838 840 quo
881 773 941 825 in
984 772 1100 827 loco
1144 773 1393 842 plurimae
1431 792 1516 828 res
1554 776 1841 830 venierunt
1884 780 1942 830 et
1980 781 2241 830 veneunt.

544 854 669 923 Qua
714 875 787 910 ex
831 859 1137 927 syngrapha
1181 859 1313 927 quid
1352 860 1425 913 sis
1463 865 1697 926 acturus,
1738 861 1995 915 meditere
2031 878 2243 916 censeo.
2279 894 2307 959 ⁴

545 939 669 995 Rex
698 942 844 995 enim
872 943 986 1012 ipse
1018 962 1115 998 sua
1144 951 1358 1013 sponte,
1374 945 1541 1000 nullis
1573 948 1968 1001 commentariis
1991 946 2242 1012 CaesariS,

544 1027 708 1081 simul
738 1034 903 1098 atque
934 1029 1140 1084 audivit
1176 1032 1294 1100 ejus
1327 1033 1629 1098 interitum,
1659 1052 1756 1087 suo
1783 1034 1957 1088 Marte
1992 1051 2078 1088 res
2113 1051 2242 1088 suas
2297 982 2307 1105 1

542 1118 891 1185 recuperavit.
962 1105 1046 1171 96.
1083 1118 1289 1172 Sciebat
1319 1118 1482 1172 homo
1515 1119 1741 1188 sapiens,
1767 1119 1861 1188 jus
1891 1137 2103 1189 semper
2131 1113 2274 1196 hoc''v

541 1201 723 1269 fuisse,
743 1209 822 1271 ut,
842 1223 962 1274 quae
980 1207 1200 1274 tyranni
1217 1206 1553 1274 eripuissent,
1569 1224 1648 1271 ea,
1667 1206 1911 1275 tyrannis
1926 1205 2241 1271 interfectiS,

539 1286 597 1352 ii,
623 1288 821 1356 quibus
842 1295 1025 1359 erepta
1055 1296 1245 1356 essent,
1276 1296 1667 1358 recuperarent.
1737 1289 1915 1343 Nemo
1943 1290 2118 1358 igitur
2142 1290 2239 1359 ju-

539 1375 891 1441 reconsultuS,
908 1394 977 1430 ne
993 1376 1093 1430 iste
1112 1376 1349 1446 quidem,
1368 1376 1466 1444 qui
1483 1376 1582 1430 tibi
1597 1376 1694 1429 uni
1711 1384 1791 1428 est
1810 1375 2235 1444 jureconsultus,

540 1478 638 1529 per
660 1479 824 1530 quem
846 1461 960 1516 haec
981 1464 1109 1532 agis,
1134 1481 1207 1516 ex
1229 1462 1332 1515 ista
1352 1459 1660 1530 syngrapha
1681 1460 1862 1514 deberi
1893 1461 2023 1515 dicit
2045 1479 2143 1530 pro
2165 1462 2237 1515 iis

539 1546 717 1614 rebus,
755 1565 872 1615 quae
906 1552 1059 1601 erant
1102 1553 1228 1601 ante
1275 1545 1639 1616 syngrapham
1684 1542 2024 1614 recuperatae.
2103 1545 2236 1600 Non

540 1633 686 1686 enim
718 1650 752 1687 a
780 1639 835 1687 te
865 1634 1014 1698 emit,
1038 1633 1131 1687 sed
1161 1633 1327 1702 priuS,
1368 1650 1531 1702 quam
1562 1637 1626 1686 tu
1650 1650 1811 1686 suum
1835 1633 1936 1686 sibi
1957 1633 2237 1699 venderes,

538 1720 652 1787 ipse
686 1720 933 1789 possedit.
1014 1720 1113 1774 Ille
1148 1721 1234 1773 vir
1267 1720 1402 1774 fuit:
1452 1737 1551 1773 nos
1585 1720 1807 1788 quidem
1840 1720 2239 1788 contemnendi,

542 1808 639 1876 qui
661 1813 934 1862 auctorem
960 1808 1188 1872 odimus,
1212 1812 1331 1861 acta
1355 1806 1705 1860 defendimus.

644 1894 970 1948 XXXVIII.
1019 1895 1104 1955 97.
1173 1894 1322 1964 Quid
1346 1912 1444 1964 ego
1467 1893 1532 1948 de
1564 1892 1959 1947 commentariis
1988 1893 2234 1962 infinitis,

541 1982 673 2051 quid
710 1983 776 2036 de
812 1983 1296 2037 innumerabilibus
1331 1982 1697 2051 chirographis
1731 1980 1959 2051 loquar?
1996 2000 2234 2051 quorum
2295 1971 2305 2035 l

540 2067 704 2121 etiam
735 2069 1027 2123 imitatores
1051 2078 1194 2136 sunt,
1226 2069 1324 2138 qui
1355 2086 1435 2134 ea,
1468 2075 1749 2136 tamquam
1777 2066 2134 2136 gladiatorum
2164 2069 2238 2122 li·
2259 2071 2305 2099 ⁴

541 2153 721 2220 bellos,
745 2154 925 2222 palam
949 2155 1243 2209 venditent.
1306 2156 1496 2223 ltaque
1522 2154 1661 2207 tanti
1682 2152 1858 2205 acervi
1880 2169 2234 2207 nummorum

538 2239 684 2307 apud
707 2238 873 2293 istum
902 2245 1306 2306 construuntur,
1331 2245 1394 2294 ut
1422 2241 1540 2308 jam
1572 2238 1963 2306 expendantur,
1995 2256 2103 2292 non
2130 2257 2236 2293 nu-

416 2386 425 2392 ,
536 2329 815 2376 merentur
859 2325 1113 2391 pecuniae.
1197 2323 1274 2378 At
1324 2341 1490 2393 quam
1528 2339 1664 2376 caeca
1704 2323 1929 2376 avaritia
1974 2322 2086 2377 est!
2157 2324 2236 2379 Et

538 2426 714 2477 nuper
739 2408 854 2462 fixa
883 2409 1067 2463 tabula
1098 2414 1196 2475 est,
1229 2426 1339 2477 qua
1368 2409 1610 2462 civitates
1639 2407 2068 2476 locupletissimae
2100 2408 2234 2463 Cre·-

539 2495 774 2548 tensium
813 2494 1128 2562 liberantur,
1176 2497 1557 2564 statuiturque,
1599 2511 1668 2547 ne
1714 2501 1832 2563 post
1873 2494 1951 2549 M.
1992 2496 2234 2550 Brutum

538 2580 910 2648 proconsulem
934 2582 1003 2635 sit
1026 2581 1192 2635 Creta
1218 2580 1508 2649 provincia.
1566 2579 1657 2633 Tu
1679 2580 1876 2632 mentis
1898 2597 1955 2633 es
1977 2580 2234 2648 compos?
2301 2643 2302 2664 ¹

538 2670 601 2717 tu
625 2681 735 2717 non
757 2665 1236 2735 constringendus?
1307 2665 1396 2719 An
1427 2666 1648 2719 Caesaris
1684 2665 1893 2719 decreto
1925 2664 2087 2719 Creta
2110 2672 2234 2734 post

541 2752 620 2805 M.
644 2752 806 2806 Bruti
832 2752 1105 2807 decessum
1139 2754 1317 2822 potuit
1347 2752 1578 2817 liberari,
1604 2768 1776 2820 quum
1810 2751 1972 2805 Creta
2001 2750 2142 2805 nihil
2163 2752 2233 2805 ad

538 2836 794 2903 Brutum,
828 2837 1032 2891 Caesare
1058 2839 1200 2903 vivo,
1221 2835 1561 2907 pertineret?
1629 2835 1707 2890 At
1736 2835 1903 2905 hujus
1925 2836 2234 2890 venditione

538 2921 737 2975 decreti
761 2920 855 2990 (ne
879 2921 1019 2975 nihil
1041 2929 1224 2976 actum
1248 2922 1476 2994 putetis)
1508 2922 1838 2992 provinciam
1866 2921 2086 2975 Cretam
2110 2939 2234 2991 per-

537 3006 756 3060 didistis.
830 3006 1067 3060 Omnino
1104 3024 1264 3060 nemo
1302 3007 1468 3060 ullius
1505 3007 1584 3061 rei
1619 3006 1728 3060 fuit
1758 3011 1985 3074 emptor,
2017 3007 2107 3060 cui
2141 3007 2232 3061 de·
2241 3039 2290 3088 ss'

451 3091 458 3107 ⁶
534 3090 701 3145 fuerit
733 3090 824 3145 hic
856 3093 1116 3146 venditor.
1189 3095 1275 3146 98.
1311 3093 1383 3145 Et
1422 3093 1488 3146 de
1522 3092 1800 3146 exsulibus
1834 3091 2027 3159 legem,
2064 3091 2262 3161 quant''

535 3179 724 3244 fixisti,
749 3178 928 3233 Caesar
952 3181 1097 3234 tulit.
1167 3179 1390 3233 Nullius
1419 3180 1651 3233 insector
1682 3177 2073 3232 calamitatem:
2112 3184 2238 3231 tan-

537 3270 659 3317 tum
682 3281 895 3332 queror,
919 3266 1160 3334 primum
1193 3282 1379 3319 eorum
1410 3265 1613 3319 reditus
1636 3265 1958 3333 inquinatos,
1992 3279 2230 3330 quorum

534 3365 749 3402 causam
785 3348 962 3402 Caesar
995 3349 1307 3403 dissimilem
1348 3349 1637 3420 judicarit3
1687 3348 1876 3401 deinde
1914 3348 2093 3401 nescio
2132 3366 2233 3402 cur

533 3451 642 3487 non
665 3434 888 3503 reliquis
911 3433 1053 3488 idem
1084 3434 1305 3490 tribuas.
1376 3434 1571 3503 Neque
1601 3433 1747 3488 enim
1778 3432 1902 3501 plus
1925 3448 2091 3500 quam
2119 3437 2232 3486 tres

534 3525 631 3572 aut
653 3523 910 3587 quattuor
931 3519 1127 3589 reliqui
1149 3524 1294 3574 sunt.
1352 3519 1466 3589 Qui
1487 3519 1652 3573 simili
1671 3520 1731 3572 in
1753 3517 2059 3574 calamitate
2081 3522 2233 3577 sunt,
