2307 3907
529 318 592 364 24
980 317 1056 366 Μ.
1091 317 1344 367 TULLII
1389 317 1772 368 CICERONIS

529 457 759 524 Omitto,
783 476 953 527 quam⁴
983 459 1097 513 haec
1127 459 1278 527 falsa,
1315 477 1480 529 quam
1511 460 1678 515 levia:
1716 459 2011 529 praesertim
2054 475 2236 529 quum

530 545 748 599 omnino
787 546 941 600 nulla
985 563 1144 599 causa
1186 546 1336 616 justa
1381 547 1636 615 cuiquam
1673 564 1784 600 esse
1830 547 1996 616 possit
2042 550 2239 600 contra

528 632 760 700 patriam
783 649 934 686 arma
957 633 1214 701 capiendi.
1286 633 1385 686 Sed
1421 633 1560 686 nihil
1596 632 1662 685 de
1686 631 1922 687 Caesare:
1958 631 2061 685 tibi
2087 637 2238 684 certe
2291 650 2292 657 ¹

530 718 895 772 confitendum
917 724 1015 784 est,
1051 737 1268 773 causam
1303 713 1732 789 perniciosissimi
1754 719 1881 773 belli
1913 719 1971 771 in
2002 735 2242 786 persona
2279 766 2292 807 4

533 815 628 858 tua
662 805 969 859 constitisse.
1036 810 1120 858 54.
1157 805 1208 858 O
1240 807 1500 860 miserum
1534 811 1606 872 te,
1648 806 1694 859 si
1729 803 2018 873 intelligis!
2053 806 2242 859 mise·
2267 827 2293 843 r

532 890 746 955 riorem,
782 891 828 944 si
864 908 973 944 non
1013 891 1287 960 intelligis,
1324 891 1427 944 hoc
1467 891 1637 945 literis
1671 891 1930 956 mandari,
1971 890 2074 944 hoc
2116 907 2240 943 me·
2289 890 2295 929 ¹

532 977 712 1030 moriae
744 976 914 1045 prodi,
938 976 1106 1047 hujus
1142 979 1222 1031 rei
1243 995 1312 1031 ne
1336 980 1704 1047 posteritatem
1728 979 1945 1047 quidem
1977 978 2235 1031 omnium

533 1062 836 1116 seculorum
867 1081 1113 1135 unquam
1151 1064 1526 1119 immemorem
1565 1066 1697 1130 fore,
1734 1065 1976 1119 consules
2012 1083 2084 1117 ex
2116 1066 2237 1120 Ita-

428 1218 443 1231 ·
533 1148 608 1201 lia
653 1148 922 1217 expulsos,
975 1167 1210 1218 cumque
1263 1149 1349 1203 his
1391 1151 1495 1204 Cn.
1546 1152 1885 1221 Pompeium,
1931 1151 2075 1219 quod
2122 1151 2236 1204 im-

532 1235 670 1302 perii
710 1235 898 1304 populi
937 1235 1168 1289 Romani
1214 1236 1374 1290 decus
1409 1255 1471 1291 ac
1506 1238 1692 1291 lumen
1729 1236 1854 1301 fuit,
1889 1254 2072 1290 omnes
2105 1254 2236 1290 con-

532 1319 750 1385 sulareS,
794 1321 891 1388 qui
926 1339 1023 1389 per
1047 1322 1409 1376 valetudinem
1447 1323 1672 1391 exsequi
1704 1322 1913 1375 cladem
1939 1321 2093 1374 illam
2137 1320 2236 1375 fu·
2301 1326 2302 1381 1

533 1423 765 1474 gamque
791 1408 1108 1474 potuissent,
1144 1415 1411 1476 praetores,
1435 1409 1725 1476 praetoriOS‚
1759 1409 2001 1462 tribunos
2034 1408 2234 1475 plebis,

531 1509 783 1561 magnam
824 1499 1035 1561 partem
1073 1500 1304 1560 senatus,
1352 1511 1567 1547 omnem
1616 1494 1858 1547 subolem
1902 1495 2235 1562 juventuti5‚

532 1595 748 1648 unoque
785 1579 966 1644 verbo,
1005 1596 1121 1632 rem
1156 1579 1426 1647 publicam
1460 1578 1744 1646 expulsam
1776 1584 1938 1647 atque
1970 1580 2237 1632 extermi-
2301 1590 2302 1593 ’

532 1670 716 1717 natam
763 1664 874 1718 suis
917 1660 1167 1723 sedibus!
1250 1669 1333 1719 55.
1386 1665 1461 1719 Ut
1505 1665 1672 1733 igitur
1710 1665 1769 1717 in
1809 1664 2099 1716 seminibus
2145 1672 2233 1716 est

534 1769 695 1806 causa
746 1751 1000 1804 arborum
1047 1758 1101 1805 et
1163 1754 1451 1821 stirpium:
1510 1753 1586 1805 sic
1630 1750 1798 1819 hujus
1846 1750 2234 1803 luctuosissimi

534 1839 663 1892 belli
721 1823 904 1892 semen
958 1849 1020 1893 tu
1067 1839 1236 1894 fuisti.
1326 1840 1532 1894 Doletis
1569 1845 1679 1893 tres
1722 1838 1993 1892 exercitus
2037 1836 2234 1905 populi

536 1925 766 1980 Romani
819 1926 1153 1982 interfectos:
1210 1926 1478 1994 interfecit
1532 1927 1815 1982 Antonius.
1903 1923 2240 1979 Desiderat-is·
2305 1944 2307 1970 ³

535 2011 854 2067 clarissimos
889 2014 1063 2068 cives:
1113 2032 1203 2067 eos
1250 2032 1465 2083 quoque
1513 2014 1664 2067 vobis
1704 2013 1903 2081 eripuit
1943 2012 2233 2064 Antonius.
2291 2065 2307 2074 A

533 2097 842 2152 Auctoritas
876 2098 1046 2168 hujus
1081 2100 1281 2152 ordinis
1318 2099 1515 2154 afflicta
1549 2105 1658 2152 est:
1707 2098 1902 2151 afflixit
1942 2095 2235 2149 Antonius.

538 2184 737 2239 Omnia
777 2185 1025 2255 denique,
1065 2205 1187 2255 quae
1211 2193 1393 2255 postea
1416 2188 1667 2250 vidimus,
1706 2184 1867 2256 (quid
1890 2190 2072 2239 autem
2095 2183 2234 2236 mali
2305 2171 2307 2186 '

536 2289 645 2326 non
678 2273 983 2345 vidimus‘i)
1020 2275 1066 2328 si
1097 2280 1241 2329 recte
1278 2276 1732 2340 ratiocinabimur‚
1770 2274 1868 2327 uni
1897 2276 2115 2340 accepta
2147 2288 2235 2323 re-

533 2358 768 2412 feremus
814 2358 1066 2414 Antonio.
1151 2360 1227 2415 Ut
1266 2360 1478 2414 Helena
1525 2361 1652 2431 Troj
1660 2361 1790 2425 anis,
1838 2360 1913 2413 sic
1959 2359 2058 2411 iste
2094 2358 2232 2413 huic

537 2444 614 2497 rei
652 2444 877 2513 publicae
918 2463 1075 2500 causa
1120 2446 1266 2511 belli,
1313 2465 1472 2501 causa
1508 2448 1672 2516 pestis
1710 2452 1873 2514 atque
1912 2445 2067 2497 exitii
2103 2444 2231 2498 fuit.

540 2528 779 2597 Reliquae
825 2537 1003 2598 partes
1048 2532 1356 2586 tribunatus
1400 2533 1676 2602 principiis
1721 2531 1936 2585 similes.
2026 2529 2233 2584 Omnia

538 2615 775 2683 perfecit,
808 2634 926 2686 quae
955 2622 1190 2683 senatm,
1227 2619 1372 2672 salva
1405 2637 1463 2671 re
1494 2618 1710 2687 publica
1746 2635 1814 2671 ne
1846 2618 1963 2671 fieri
1993 2624 2230 2684 possent,

537 2701 847 2770 perfecerat.
919 2703 1093 2774 Cujus
1129 2711 1312 2758 tamen
1358 2705 1528 2757 scelus
1573 2705 1629 2757 in
1669 2703 1866 2757 scelere
1907 2704 2225 2772 cognoscite.

642 2788 866 2842 XXIII.
902 2793 987 2844 56.
1026 2789 1361 2844 Restituebat
1396 2790 1596 2844 multos
1636 2790 1984 2862 calamitosos.
2060 2791 2128 2843 In
2163 2792 2231 2844 iis

537 2876 718 2944 patrui
753 2876 905 2930 nulla
940 2877 1162 2930 mentio.
1249 2877 1303 2930 Si
1338 2895 1569 2944 severus,
1616 2896 1717 2931 cur
1760 2894 1871 2931 non
1905 2879 1963 2930 in
1999 2877 2228 2932 omnes?

540 2961 593 3015 Si
632 2962 945 3028 misericors,
993 2980 1091 3016 cur
1126 2980 1236 3016 non
1274 2963 1332 3015 in
1377 2961 1537 3016 suos?
1623 2963 1725 3017 Sed
1765 2964 1957 3017 omitto
2009 2970 2225 3017 ceteros.

536 3046 808 3100 Licinium
847 3048 1204 3116 Lenticulam,
1256 3048 1320 3102 de
1360 3049 1476 3103 alea
1522 3048 1955 3114 condemnatum,
2002 3049 2227 3103 colluso-
2275 3039 2305 3096 ί

532 3151 647 3187 rem
682 3151 862 3200 suum,
897 3135 1169 3190 restituit:
1219 3136 1374 3204 quasi
1419 3153 1547 3190 vero
1583 3136 1768 3190 ludere
1815 3153 1941 3191 cum
1979 3137 2231 3190 condem·
2299 3187 2307 3210 1

532 3228 658 3273 nato
696 3237 805 3273 non
841 3219 1057 3274 liceret!
1094 3221 1186 3274 sed
1218 3227 1299 3287 ut,
1331 3222 1476 3289 quod
1499 3222 1556 3274 in
1579 3221 1696 3274 alea
1718 3220 2036 3288 perdiderat,
2068 3221 2225 3275 bene-

529 3303 651 3358 ficio
692 3304 824 3373 legis
855 3304 1179 3359 dissolveret.
1249 3304 1429 3374 Quam
1467 3306 1699 3359 attulisti
1729 3306 1991 3359 rationem
2023 3307 2223 3375 populo

537 3390 796 3455 Romam,
833 3407 931 3445 cur
952 3410 1078 3446 eum
1102 3392 1314 3446 restitui
1339 3391 1647 3461 oporteret?
1706 3391 2021 3454 Absentem,
2049 3393 2223 3459 credo,

532 3477 591 3529 in
625 3493 741 3530 reos
771 3476 1036 3542 relatum3
1071 3494 1188 3530 rem
1221 3478 1420 3532 indicta
1458 3495 1615 3533 causa
1642 3478 1975 3547 judicatam3
2009 3479 2224 3533 nullum
