2307 3907
27 79 2221 273 ψ

80 276 87 287 ι

86 344 95 363 ⁸
1672 358 1681 368 ο

507 617 732 665 MARCI
768 616 1001 664 TULLII
1036 615 1409 664 CICERONIS

395 742 786 819 ORATIO
867 741 1527 820 PHILIPPICA

769 906 1134 961 SECUNDA.

216 1159 264 1213 1.
300 1164 348 1214 1.
383 1160 633 1230 Quorum
649 1179 771 1217 meo
793 1163 921 1228 fate,
941 1163 1128 1218 Patres
1151 1164 1457 1234 conscripti,
1475 1165 1594 1218 fieri
1611 1164 1803 1228 dicam,

98 1249 172 1296 ut
202 1261 365 1299 nemo
398 1245 484 1299 his
512 1247 667 1301 annis
697 1249 891 1317 viginti
924 1249 1004 1302 rei
1036 1248 1262 1318 publicoe
1295 1249 1459 1304 fuerit
1491 1250 1676 1315 hostiS,
1711 1249 1806 1319 qui

98 1346 219 1382 non
269 1330 476 1385 bellum
521 1332 710 1386 eodem
763 1342 1006 1404 tempore
1052 1334 1192 1387 mihi
1237 1353 1456 1404 quoque
1508 1334 1804 1389 indixerit?

99 1415 229 1468 Nec
252 1433 378 1469 vero
400 1433 613 1472 necesse
634 1426 715 1473 est
736 1438 1072 1489 quemquam
1095 1437 1128 1474 a
1149 1437 1240 1473 me
1262 1421 1544 1474 nominari.
1616 1420 1803 1473 Vobis-

100 1519 239 1554 cum
274 1503 376 1572 ipsi
410 1504 777 1560 recordamini.
849 1506 991 1560 Mihi
1026 1523 1312 1576 poenarum
1346 1505 1430 1559 illi
1462 1506 1604 1574 plus,
1638 1524 1804 1574 quam

100 1595 372 1663 optarem,
420 1589 719 1657 dederunt3
778 1598 833 1646 te
879 1592 1064 1656 miror,
1113 1591 1337 1657 Antoni,
1384 1609 1619 1661 quorum
1665 1591 1807 1645 facta

101 1675 341 1741 imitere,
366 1693 555 1730 eorum
579 1678 761 1732 exitus
782 1695 892 1732 non
914 1677 1332 1747 perhorrescere.
1401 1677 1585 1747 Atque
1614 1677 1717 1731 hoc
1747 1679 1805 1730 in

101 1761 232 1816 aliis
253 1763 438 1816 minus
466 1764 720 1819 mirabar.
790 1764 968 1819 Nemo
998 1765 1220 1819 illorum
1251 1764 1502 1818 inimicus
1531 1764 1669 1817 mihi
1697 1764 1804 1816 fuit

102 1848 474 1925 voluntarius:
509 1867 695 1904 omnes
711 1868 745 1905 a
760 1869 848 1905 me
866 1852 945 1906 rei
962 1852 1189 1922 publieae
1206 1868 1367 1906 causa
1387 1850 1633 1906 lacessiti⁴
1696 1853 1802 1918 Tu,

103 1953 178 1990 ne
203 1936 366 1991 verbo
397 1936 620 2006 quidem
651 1937 901 2005 violatus,
932 1944 998 1992 ut
1029 1938 1300 2004 audacior,
1332 1955 1501 2007 quam
1533 1937 1799 2004 Catilina3

98 2022 378 2089 furiosior,
415 2042 583 2093 quam
629 2025 868 2092 Clodius,
892 2026 1162 2092 -viderere,
1197 2025 1343 2080 ultro
1378 2043 1467 2080 me
1508 2026 1806 2080 maledictis

100 2104 379 2175 lacessisti,
410 2117 674 2181 tuamque
695 2130 730 2167 a
755 2130 845 2167 me
875 2112 1254 2167 alienationem
1269 2100 1274 2104 ⁸
1287 2112 1802 2167 commendationem

103 2197 215 2270 tibi,
256 2197 326 2251 ad
371 2197 568 2266 impios
611 2197 755 2251 cives
801 2198 915 2252 fore
961 2198 1238 2267 putavisti,
1267 2220 1272 2223 ⁴
1307 2200 1356 2249 2.
1390 2196 1538 2265 Quid
1576 2198 1804 2266 putem?

102 2289 552 2352 contemptumne
575 2282 704 2338 me?
741 2284 869 2338 Non
884 2283 1039 2337 video
1062 2299 1162 2336 nec
1184 2282 1243 2335 in
1260 2281 1389 2346 vita,
1414 2299 1513 2335 nec
1535 2282 1594 2335 in
1617 2284 1806 2351 gratia,

102 2385 208 2421 nec
231 2368 290 2420 in
311 2368 474 2422 rebus
495 2368 673 2437 gestie,
698 2385 796 2422 nec
828 2369 887 2422 in
918 2368 1021 2422 hae
1044 2384 1167 2421 mea
1190 2368 1558 2422 mediocritate
1589 2370 1807 2437 ingenii,

104 2452 245 2522 quid
272 2452 540 2523 despicere
563 2454 728 2522 possit
761 2453 1050 2508 AntoniuS.
1119 2452 1212 2505 An
1239 2452 1299 2505 in
1329 2459 1518 2506 senatu
1551 2452 1807 2507 facillime

103 2539 175 2593 de
200 2555 287 2592 me
311 2536 521 2591 detrahi
544 2555 695 2606 posse
713 2537 976 2593 credidit?
1009 2529 1105 2607 qui
1122 2538 1252 2592 ordo
1270 2538 1579 2592 clarissimis
1601 2539 1808 2591 civibus

102 2626 245 2680 bene
280 2631 441 2694 gestae
487 2626 566 2679 rei
601 2626 831 2695 publicae
881 2625 1257 2679 testimonium
1294 2624 1502 2692 multia,
1535 2625 1675 2677 mihi
1713 2627 1809 2678 uni

104 2717 431 2765 conservatae
461 2711 628 2766 dedit.
707 2711 798 2764 An
828 2710 1099 2765 decertare
1133 2727 1350 2764 mecum
1382 2709 1559 2763 voluit
1591 2715 1811 2764 conten-

104 2797 257 2851 tione
280 2795 531 2851 dicendi?
593 2796 713 2851 Hoc
737 2796 957 2866 quidem
980 2796 1303 2851 beneficium
1321 2801 1417 2850 est.
1489 2795 1638 2864 Quid
1663 2798 1809 2849 enim
1889 2846 1902 2852 -

104 2883 340 2952 plenius,
370 2883 503 2953 quid
533 2885 772 2949 uberius,
802 2901 969 2953 quam
1001 2883 1141 2937 mihi
1171 2889 1228 2938 et
1260 2901 1358 2952 pro
1390 2900 1497 2948 me,
1534 2891 1588 2938 et
1624 2890 1811 2938 contra

107 2966 414 3022 Antonium
438 2967 652 3023 dicere?
691 2965 858 3023 'Illud
881 2969 1120 3038 profecto
1144 2974 1241 3023 est.
1313 2969 1440 3024 Non
1462 2970 1813 3034 existimavit,

107 3053 196 3106 sui
230 3053 498 3107 similibus
531 3054 749 3122 probari
782 3071 951 3123 posse,
988 3072 1044 3108 se
1079 3071 1193 3107 esse
1227 3053 1437 3107 hostem
1472 3054 1681 3122 patriae,
1714 3054 1820 3107 nisi

105 3137 249 3191 mihi
272 3145 410 3192 esset
441 3138 709 3194 inimicus.
778 3141 830 3194 3.
865 3139 972 3194 Cui
1003 3140 1319 3208 priusquam
1345 3139 1411 3193 de
1437 3141 1628 3194 ceteris
1649 3141 1810 3194 rebus

106 3222 421 3291 respondeo,
456 3223 523 3277 de
567 3225 823 3290 amicitia,
860 3242 1025 3293 quam
1059 3243 1094 3280 a
1125 3241 1215 3277 me
1251 3225 1507 3279 violatam
1556 3242 1669 3278 esse
1716 3227 1818 3279 cri-

106 3308 350 3363 minatus
371 3316 469 3375 est,
495 3308 639 3379 quod
662 3327 759 3379 ego
783 3310 1164 3380 gravissimum
1188 3310 1394 3363 crimen
1411 3309 1614 3377 judicO‚
1639 3327 1814 3377 pauca

108 3394 301 3449 dicam.

217 3482 295 3534 11.
369 3481 572 3536 Contra
607 3499 722 3535 rem
757 3498 909 3536 suam
946 3498 1053 3546 me,
1101 3483 1279 3536 nescio
1330 3483 1561 3551 quand0‚
1611 3484 1814 3536 venisse
