2307 3907
483 352 546 398 44
930 347 1006 395 Μ.
1042 347 1296 396 TULLII
1333 338 1713 396 CICERONIS

479 493 634 556 istuc,
669 491 806 544 mihi
839 491 1007 555 crede,
1040 489 1364 559 praesidium.
1435 488 1670 542 Caritate
1704 495 1758 541 et
1790 487 2171 541 benevolentia.

479 577 680 630 civium
715 581 942 645 saeptum
981 581 1190 643 oportet
1223 592 1350 642 esse,
1384 592 1492 627 non
1531 575 1709 627 armis,
1782 575 1894 626 118.
1932 573 2168 641 Eripiet,

478 665 823 733 extorquebit
861 664 961 717 tibi
999 664 1100 716 ista
1143 662 1376 731 populus
1423 662 1712 726 Romanu5‚
1753 661 1964 714 utinam
2001 660 2171 714 salvis

477 750 661 805 nobis!
734 750 834 804 Sed
874 767 1089 819 quoquo
1123 748 1282 802 modo
1322 749 1598 802 nobiscum
1641 749 1825 818 egeris,
1867 749 1999 801 dum
2044 749 2171 802 istis

478 837 707 890 consiliis
746 837 930 901 uteris,
970 852 1079 888 non
1116 839 1283 902 potes,
1326 833 1466 886 mihi
1502 833 1671 900 crede,
1709 851 1820 886 esse
1854 832 2172 887 diuturnus.

479 922 695 976 Etenim
730 923 831 976 ista
865 927 960 975 tua
998 920 1222 973 minime
1257 936 1417 972 avara
1450 918 1669 987 conqu‚
1705 935 1871 986 quam
1910 934 2007 985 ego
2045 917 2169 971 sine

475 1007 800 1061 contumelia
831 1005 1085 1070 describo,
1115 1005 1347 1057 nimium
1379 1005 1534 1059 debet
1564 1004 1658 1057 diu
1688 1004 1888 1072 populo
1914 1004 2168 1057 Romano

474 1093 686 1145 tertiam
724 1092 1049 1160 pensionem.
1121 1089 1302 1144 Habet
1332 1090 1565 1158 populus
1596 1090 1887 1153 Romanm,
1920 1090 1988 1144 ad
2023 1106 2169 1158 quos

473 1179 834 1248 gubernacula
856 1179 933 1232 rei
953 1177 1177 1246 publicae
1198 1177 1418 1231 deferat:
1446 1178 1543 1245 qui
1561 1177 1870 1244 ubicunque
1892 1180 2166 1230 terrarum

473 1275 616 1332 sunt,
639 1267 716 1319 ibi
738 1273 818 1319 est
840 1282 999 1319 omne
1030 1265 1108 1318 rei
1132 1264 1358 1333 publicae
1382 1263 1707 1332 praesidium,
1732 1263 1819 1316 vel
1842 1264 2021 1332 potius
2044 1263 2167 1332 ipsa.

473 1371 558 1406 res
581 1353 813 1422 publica,
841 1370 960 1421 quae
983 1370 1038 1406 se
1062 1351 1239 1405 adhuc
1262 1351 1634 1406 tantummodo
1655 1350 1775 1403 ulta
1796 1357 1893 1414 est,
1916 1349 2163 1403 nondum

474 1439 824 1507 recuperavit.
861 1438 1041 1492 Habet
1064 1438 1286 1506 quidem
1308 1443 1449 1490 certe
1467 1454 1550 1489 res
1567 1435 1782 1504 publica
1803 1433 2167 1489 adolescentes

471 1525 843 1591 nobilissimos„
873 1530 1084 1593 paratos
1120 1523 1434 1578 defensores
1502 1522 1682 1591 Quam
1719 1521 1916 1589 volent,
1957 1521 2042 1574 illi
2076 1540 2166 1575 ce-

471 1613 617 1676 dant,
641 1614 749 1666 otio
773 1613 1134 1683 consulentes:
1173 1616 1354 1665 tamen
1378 1629 1411 1665 a
1433 1628 1491 1664 re
1513 1611 1729 1678 publica
1749 1598 2163 1664 revocabuntur.

469 1697 544 1752 Et
566 1715 765 1751 nomen
786 1699 930 1766 pacis
953 1696 1108 1750 dulce
1134 1703 1230 1764 est,
1254 1702 1309 1750 et
1331 1698 1448 1764 ipsa
1470 1710 1553 1749 res
1576 1696 1837 1765 salutaris.
1893 1693 1995 1748 Sed
2017 1695 2164 1749 inter

468 1801 656 1852 pacem
687 1791 741 1837 et
766 1785 1078 1837 servitutem
1110 1783 1412 1852 plurimum
1442 1783 1679 1836 interest.
1751 1781 1870 1836 Pax
1899 1788 1979 1835 est
2011 1788 2163 1834 tran-

469 1871 640 1940 quilla
675 1871 924 1925 libertas:
967 1871 1195 1924 servitus
1227 1874 1560 1938 postremum
1590 1867 1859 1922 malorum
1895 1867 2161 1936 om‘nium,

467 1975 576 2010 non
592 1957 749 2011 modo
773 1957 929 2023 bello,
949 1956 1039 2011 sed
1057 1963 1229 2010 morte
1246 1958 1410 2010 etiam
1427 1953 1813 2024 repellendum.
1855 1958 1971 2009 114.
1995 1956 2156 2025 Quod

467 2045 513 2097 si
536 2061 590 2096 se
613 2044 753 2111 ipsos
776 2043 858 2096 illi
879 2044 1048 2097 nostri
1069 2043 1378 2096 liberatores
1401 2059 1429 2096 e
1453 2046 1739 2110 conspectu
1771 2050 1951 2095 nostro
1974 2040 2160 2095 abstu-

467 2129 678 2184 lerunt:
715 2137 772 2184 at
795 2130 1110 2198 exemplum
1135 2129 1263 2183 facti
1284 2129 1634 2197 reliquerunt.
1693 2126 1802 2193 Illi,
1831 2126 1973 2194 quod
1995 2144 2159 2180 nemo

465 2215 681 2278 fecerat,
725 2216 984 2270 fecerunt.
1055 2215 1416 2284 Tarquinium
1471 2216 1677 2269 Brutus
1720 2205 1863 2268 bello
1909 2219 1989 2268 est
2035 2231 2159 2282 per-
2196 2221 2202 2225 ’

465 2307 712 2354 secutus:
760 2300 855 2371 qui
893 2307 1015 2355 tum
1060 2318 1161 2355 rex
1197 2301 1323 2366 fuit,
1364 2319 1536 2371 quum
1582 2317 1693 2353 esse
1740 2300 1924 2353 Romae
1970 2317 2156 2368 regem

466 2386 673 2440 licebat.
745 2386 925 2454 Spurii
972 2386 1200 2452 Cassiae,
1251 2387 1477 2452 Maelius,
1531 2386 1608 2440 M.
1652 2385 1891 2439 Manlius
1934 2391 2158 2453 propter

464 2473 819 2540 suspicionem
842 2472 995 2540 regni
1017 2473 1303 2540 appetendi
1326 2478 1453 2527 sunt
1478 2473 1665 2526 necati.
1739 2471 1816 2524 Hi
1839 2471 2003 2539 primi
2025 2488 2153 2524 cum

465 2558 669 2627 gladiis,
703 2575 809 2612 non
848 2560 907 2611 in
945 2575 1172 2627 regnum
1212 2564 1570 2627 appetentem,
1609 2557 1701 2611 sed
1739 2558 1797 2611 in
1837 2561 2153 2626 regnantem

464 2645 730 2711 impetum
764 2644 1020 2698 fecerunt.
1062 2643 1250 2712 'Quod
1288 2661 1460 2713 quum
1495 2644 1675 2711 ipsum
1712 2642 1918 2696 factum
1957 2658 2057 2709 per
2096 2658 2152 2694 se

462 2727 779 2796 praeclarum
813 2735 893 2782 est
925 2735 1091 2797 atque
1127 2729 1390 2795 divinum,
1423 2739 1545 2784 tum
1581 2729 1887 2797 expositum
1920 2728 1987 2781 ad
2027 2727 2153 2780 imi-

461 2814 724 2881 tandum3
769 2815 1063 2883 praesertim
1109 2833 1281 2884 quum
1321 2816 1404 2869 illi
1442 2829 1582 2870 eam·
1608 2815 1835 2884 gloriam
1880 2816 2151 2868 consecuti

462 2901 586 2966 sint,
611 2918 731 2968 quae
755 2902 851 2953 vix
882 2901 1008 2954 caelo
1044 2902 1164 2969 capi
1195 2919 1345 2971 posse
1369 2902 1631 2957 videatur.
1700 2902 1820 2956 Etsi
1849 2902 1992 2956 enim
2022 2902 2152 2956 satis

462 2988 520 3040 in
542 2988 659 3055 ipsa
687 2988 1004 3042 conscientia
1033 2988 1385 3056 pulcherrimi
1414 2989 1546 3044 facti
1573 2987 1783 3043 fructus
1813 2994 1942 3054 erat,
1966 2995 2149 3042 tamen

462 3073 678 3127 mortali
698 3072 1158 3136 immortalitatem
1181 3091 1289 3128 non
1312 3075 1541 3129 arbitror
1562 3091 1671 3128 esse
1689 3072 2147 3128 contemnendam.

562 3158 734 3213 XLV.
771 3161 889 3213 115.
930 3158 1225 3214 Recordare
1248 3159 1415 3228 igitur
1436 3159 1611 3224 illum,
1638 3159 1716 3213 M.
1739 3158 1959 3225 Antoni,
1983 3158 2146 3224 diem,

462 3264 570 3316 quo
616 3246 937 3301 dictaturam
984 3248 1283 3314 sustulisti3
1327 3264 1465 3315 pone
1511 3252 1635 3301 ante
1680 3246 1861 3301 oculos
1905 3244 2146 3300 laetitiam

461 3340 676 3389 senatus
721 3335 1015 3403 populique
1062 3334 1326 3400 Romani3
1380 3332 1561 3387 confer
1603 3350 1729 3386 cum
1775 3332 1876 3386 hac
1920 3333 2151 3387 immani

462 3420 846 3475 nundinatione
879 3427 977 3475 tua
1005 3426 1365 3490 tuorumque:
1406 3426 1526 3474 tum
1565 3420 1579 3433 ⁶
1620 3419 1843 3488 telliges‚
1880 3425 2146 3490 quantum

463 3504 607 3559 inter
651 3505 867 3560 laudem
920 3511 975 3560 et
1027 3505 1241 3560 lucrum
1295 3506 1517 3559 intersit.
1605 3505 1705 3558 Sed
1753 3506 2030 3571 nimirum,
2083 3512 2148 3560 ut

1583 3657 1616 3706 Kx

2215 853 2307 1394 Ἴι

2245 1948 2307 2130 4

2247 3021 2272 3060 1

2219 3077 2294 3200 Q
