2307 3907
531 318 561 362 8
1002 313 1081 362 Μ.
1115 313 1369 362 TULLII
1407 314 1795 365 CICERONIS

531 474 785 525 opponaS,
820 456 984 510 homo
1019 455 1232 519 diserte,
1268 462 1332 509 ιιι
1375 454 1622 510 Mustelae
1659 456 1897 512 Tamisio
1933 464 1991 512 et
2046 457 2251 512 Tironi

531 542 783 597 Numisio
805 541 1034 595 videris.
1016 540 1037 582 ’ἱ
1075 543 1174 610 qui
1198 558 1372 611 quum
1395 540 1537 595 hoc
1520 558 1635 610 1pso
1659 548 1901 611 tempore
1924 549 2081 597 stent
2120 559 2251 597 cum

530 629 721 698 gladiis
763 632 824 684 in
870 636 1159 714 conspectu
1198 636 1430 693 senatus,
1468 646 1567 698 ego
1613 647 1831 699 quoque
1867 636 1922 684 te
1963 629 2251 684 disertum

528 716 748 784 putab0,
797 717 843 769 si
889 715 1194 780 ostenderis,
1245 715 1513 784 quomodo
1564 717 1636 770 sis
1681 734 1772 771 eos
1815 718 1958 771 inter
2016 718 2253 771 sicarios

531 799 861 854 defensurus.
935 800 1035 854 Sed
1073 800 1207 869 quid
1241 817 1480 869 opponas
1513 801 1750 868 tandem,
1787 803 1833 857 si
1876 820 2100 872 negem,
2154 821 2253 857 me

331 918 355 958 0
528 903 773 954 unquam
808 886 936 941 istas
970 886 1156 939 literas
1187 885 1257 939 ad
1290 892 1346 939 te
1381 884 1625 940 misisse?
1663 904 1774 955 quo
1807 905 1896 941 me
1931 894 2077 942 teste
2115 904 2249 942 con-

529 972 746 1027 vincas?
781 974 872 1026 An
898 971 1295 1042 chirographo?
1332 973 1391 1025 in
1425 990 1534 1042 quo
1565 972 1733 1027 habes
1762 974 2047 1028 scientiam
2085 990 2247 1041 quae·

529 1064 786 1112 stuosam.
863 1058 976 1127 Qui
1012 1055 1216 1127 possis?
1259 1064 1388 1111 sunt
1422 1058 1570 1111 enim
1601 1057 1809 1112 librarii
1840 1075 2028 1112 manu.
2102 1057 2238 1111 Jam

528 1144 738 1198 invideo
757 1146 1011 1214 magistro
1035 1152 1149 1211 tuo,
1169 1145 1266 1213 qui
1288 1151 1341 1198 te
1364 1149 1518 1199 tanta
1537 1144 1800 1211 mercede,
1824 1151 2094 1213 quantam
2114 1145 2238 1214 jam

529 1230 815 1299 proferam,
838 1232 979 1286 nihil
1009 1249 1195 1301 sapere
1226 1231 1424 1285 docuit.
1493 1234 1544 1286 9.
1579 1232 1728 1301 Quid
1754 1238 1835 1286 est
1863 1232 2011 1286 enim
2044 1232 2241 1285 minus

529 1334 637 1370 non
668 1317 785 1371 dico
819 1319 1060 1385 oratoria
1087 1318 1181 1372 sed
1212 1317 1464 1385 hominis,
1496 1337 1663 1388 quam
1694 1319 1749 1373 id
1776 1319 2008 1389 objicere
2039 1318 2238 1372 adver·

530 1406 685 1469 sario,
723 1405 869 1474 quod
906 1405 997 1459 ille
1033 1406 1079 1457 si
1112 1405 1277 1459 verbo
1316 1406 1545 1475 negarit,
1581 1406 1796 1475 longius
1829 1404 2085 1475 progredi
2122 1423 2237 1459 non

529 1493 710 1560 possit,
747 1493 845 1561 qui
885 1490 1178 1561 objecerit?
1221 1492 1299 1547 At
1335 1510 1434 1562 ego
1470 1510 1581 1546 non
1616 1510 1780 1563 nego:
1825 1498 1987 1562 teque
2027 1493 2088 1545 in
2124 1493 2232 1545 isto

527 1579 641 1646 ipso
665 1579 920 1632 convinco
945 1595 1055 1631 non
1076 1577 1489 1632 inhumanitatis
1518 1577 1715 1642 solum,
1739 1578 1832 1631 sed
1849 1577 2016 1631 etiam
2038 1593 2232 1631 amen-

528 1665 629 1717 tiae.
699 1663 859 1732 Quod
884 1664 1030 1717 enim
1053 1664 1283 1717 verbum
1311 1663 1370 1716 in
1403 1663 1521 1718 istis
1551 1663 1723 1717 literis
1745 1669 1827 1716 est
1855 1679 1966 1715 non
1995 1661 2229 1730 plenum

529 1750 900 1816 humanitatis,
933 1750 1111 1816 officii,
1134 1747 1554 1805 benevolentiae?
1591 1749 1771 1803 Omne
1803 1754 1988 1802 autem
2015 1749 2226 1801 crimen

532 1843 690 1887 tuum
713 1841 811 1899 est,
835 1836 981 1905 quod
1005 1835 1070 1889 de
1094 1842 1147 1890 te
1180 1835 1238 1888 in
1262 1835 1348 1890 his
1370 1836 1540 1890 literis
1573 1852 1682 1889 non
1704 1834 1847 1889 male
1879 1835 2186 1889 existimem
2207 1852 2223 1898 ;

531 1922 675 1992 quod
707 1923 935 1977 scribam
967 1928 1250 1994 tamquam
1282 1923 1352 1978 ad
1384 1924 1577 1989 civem,
1602 1928 1883 1992 tamquam
1918 1920 1986 1976 ad
2017 1921 2221 1976 bonum

531 2009 726 2072 virum,
744 2025 853 2062 non
875 2015 1156 2079 tamquam
1180 2010 1248 2065 ad
1271 2011 1590 2065 sceleratum
1608 2015 1663 2063 et
1684 2008 1964 2062 latronem.
2023 2006 2101 2061 At
2123 2025 2221 2075 ego

530 2100 653 2146 tuas
672 2092 872 2157 literas,
898 2094 998 2147 etsi
1023 2095 1150 2163 jure
1174 2101 1419 2163 poteram
1448 2111 1483 2148 a
1513 2100 1568 2148 te
1591 2093 1881 2158 lacessitus,
1904 2098 2088 2147 tamen
2099 2109 2218 2178 ,pon

529 2173 829 2247 proferam:
875 2180 1074 2249 quibus
1103 2182 1259 2250 petis,
1284 2187 1348 2235 ut
1377 2180 1480 2236 tibi
1510 2198 1606 2250 per
1637 2198 1727 2235 me
1758 2180 1915 2234 liceat
1949 2177 2217 2247 quendam

530 2268 594 2321 de
633 2267 822 2321 exsilio
859 2266 1130 2334 reducere,
1165 2268 1252 2337 adj
1260 2285 1510 2337 masque,
1545 2267 1600 2321 id
1641 2274 1715 2333 te,
1752 2267 1925 2320 invito
1963 2282 2067 2329 me,
2110 2283 2216 2320 non

531 2371 641 2407 esse
679 2352 967 2436 factu'rum,
1006 2352 1170 2421 idque
1211 2370 1244 2405 a
1282 2369 1371 2406 me
1411 2353 1688 2421 impetras.
1762 2349 1910 2421 Quid
1948 2351 2092 2404 enim
2127 2368 2214 2402 me

533 2441 931 2508 interponerem
983 2437 1217 2491 audaciae
1270 2438 1416 2492 tuaez
1476 2456 1643 2508 quem
1695 2455 1872 2506 neque
1930 2438 2214 2491 auctoritas

530 2524 699 2592 hujus
726 2524 943 2588 ordinis,
967 2540 1141 2593 neque
1173 2523 1502 2578 existimatio
1540 2523 1732 2593 populi
1765 2521 2009 2586 Romani,
2039 2529 2210 2592 neque

531 2610 674 2678 leges
719 2608 842 2662 ullae
889 2614 1105 2677 possent
1157 2625 1413 2663 coercere.
1502 2612 1590 2663 10.
1643 2606 2030 2662 Verumtamen
2083 2608 2210 2677 quid

532 2702 663 2759 erat,
696 2694 841 2763 quod
877 2711 967 2747 me
1004 2710 1235 2762 rogares„
1268 2694 1314 2747 si
1352 2701 1468 2749 erat
1499 2695 1563 2759 is,
1588 2694 1655 2747 de
1693 2711 1802 2763 quo
1832 2693 2065 2763 rogabas,
2096 2694 2209 2748 (2ae-

532 2779 662 2833 saris
685 2779 801 2848 lege
825 2776 1118 2832 reductus?
1191 2777 1296 2833 Sed
1329 2779 1580 2834 videlicet
1601 2797 1781 2834 meam
1798 2780 2025 2849 gratiam
2047 2781 2211 2835 voluit

531 2884 676 2920 esse:
722 2866 781 2918 in
822 2882 931 2934 quo
971 2882 1038 2919 ne
1075 2865 1245 2933 ipsius
1281 2866 1503 2935 quidem
1540 2866 1657 2921 ulla
1695 2883 1806 2920 esse
1841 2872 2063 2934 poterat,
2099 2866 2206 2936 lege

531 2954 655 3007 lata.

633 3037 698 3092 V.
772 3036 874 3092 Sed
915 3053 1089 3106 quum
1135 3036 1290 3103 mihi,
1338 3036 1524 3094 Patres
1559 3039 1861 3107 conscripti,
1902 3044 1956 3092 et
1995 3056 2088 3107 pro
2127 3056 2204 3092 me

529 3123 754 3193 aliquid,
776 3122 913 3178 etin
937 3122 1015 3176 M.
1040 3121 1341 3177 Antonium
1368 3122 1544 3179 multa
1571 3123 1794 3179 dicenda
1815 3123 1951 3177 sint:
1987 3122 2199 3178 alterum
2255 3173 2258 3176 ,

529 3215 653 3279 peto
676 3226 709 3263 a
731 3208 898 3275 vobis,
924 3217 988 3263 ut
1010 3225 1116 3273 me,
1141 3225 1240 3278 pro
1268 3226 1357 3263 me
1380 3210 1663 3273 dicentem,
1693 3209 1956 3278 benigne3
1988 3208 2199 3264 alterum
2255 3197 2258 3212 1

528 3301 642 3366 ipse
688 3297 933 3360 efficiam,
982 3301 1062 3360 ut,
1110 3300 1296 3349 contra
1342 3295 1504 3349 illum
1550 3313 1726 3365 quum
1773 3295 1964 3360 dicam,
2018 3301 2198 3350 attente

529 3384 772 3439 audiatis.
834 3382 1007 3436 Simul
1037 3381 1177 3435 illud
1198 3400 1327 3436 oro:
1364 3383 1408 3435 si
1438 3400 1618 3438 meam
1645 3399 1819 3452 quum
1842 3382 1901 3435 in
1922 3383 2065 3437 omni
2086 3385 2197 3446 vita,

529 3477 650 3523 tum
681 3471 739 3523 in
773 3470 994 3524 dicendo
1030 3469 1448 3525 moderationem
1484 3470 1911 3539 modestiamque
1941 3472 2195 3540 cognostis,
