2307 3907
399 327 680 376 ORATIO
718 325 1138 374 PHILIPPICA
1177 324 1526 372 SECUNDA.
1788 324 1816 375 7

112 432 409 533 izonsecuti.
478 467 655 536 Quale
685 472 869 521 autem
903 464 1222 519 beneficium
1256 471 1352 530 est,
1386 465 1531 533 quod
1569 469 1621 517 te
1659 464 1819 517 absti-

114 544 302 604 'nueris
338 552 542 606 nefario
582 550 817 606 scelere?
866 552 992 621 Qua
1028 552 1087 605 in
1111 569 1169 605 re
1210 569 1320 605 non
1357 558 1471 604 tam
1508 550 1814 619 jucundum

112 635 261 689 mihi·
297 637 468 691 videri
504 638 708 703 debuit,
746 655 855 691 non
890 637 1235 692 interfectum
1272 654 1304 691 a
1341 643 1414 701 te,
1454 653 1619 706 quam
1660 635 1817 688 mise-

114 739 265 787 rum,
286 729 340 776 te
362 723 417 776 id
435 724 660 793 impune
676 724 849 779 facere
867 725 1118 794 potuisse.
1179 727 1229 778 6.
1266 723 1365 777 Sed
1390 723 1458 776 sit
1477 722 1814 787 beneficium,

27 866 31 871 ,
64 828 67 833 ·
114 807 561 877 quandoquidem
598 810 778 879 majus
818 809 989 877 accipi
1029 826 1062 862 a
1101 809 1308 862 latrone
1346 808 1562 862 nullum
1599 798 1812 876 potuit:

38 894 43 901 ’
119 893 179 944 in
223 911 334 962 quo
366 901 518 962 potes
548 912 636 947 me
667 895 844 961 dicere
884 891 1196 963 ingratum?
1267 893 1358 946 An
1389 893 1453 947 de
1484 893 1707 947 interitu
1740 897 1819 947 rei

115 978 349 1045 publicae
373 981 528 1048 queri
558 998 668 1034 non
700 980 880 1051 debui,
903 997 971 1032 ne
1005 980 1061 1037 in
1093 988 1146 1033 te
1179 981 1424 1048 ingratus
1457 978 1700 1032 viderer?
1739 981 1812 1032 At

117 1065 176 1116 in
199 1064 300 1118 illa
322 1066 556 1133 querela,
582 1068 778 1120 misera
808 1066 1029 1134 quidem
1061 1074 1117 1118 et
1148 1065 1408 1131 luctuosa,
1432 1064 1522 1117 sed
1555 1064 1693 1117 mihi
1715 1082 1811 1132 pro

116 1149 222 1204 hoe
264 1151 452 1220 gradu,
495 1154 552 1205 in
594 1171 704 1222 quo
750 1171 837 1208 me
884 1156 1102 1206 'senatus
1146 1144 1490 1220 populusque
1537 1151 1813 1206 Romanus

116 1239 419 1306 collocavit,
449 1241 756 1305 necessaria,
790 1241 922 1309 quid
953 1248 1033 1294 est
1064 1240 1272 1293 dictum
1303 1256 1336 1292 a
1364 1256 1450 1292 me
1475 1257 1600 1292 cum
1625 1246 1811 1292 contu-

116 1324 320 1380 melia?
373 1327 505 1395 quid
550 1344 662 1379 non
709 1325 1020 1380 moderate?
1072 1325 1206 1395 quid
1240 1342 1349 1379 non
1379 1324 1588 1378 amice?
1635 1325 1810 1394 »Quod

114 1411 340 1479 quidem
388 1414 545 1482 cujus
590 1413 958 1481 temperantiae
1003 1411 1127 1477 fuit,
1176 1411 1240 1465 de
1292 1411 1373 1463 M.
1405 1411 1641 1464 Antonio
1678 1429 1809 1479 que-

113 1502 347 1564 rentem,
383 1499 648 1554 abstinere
686 1498 1013 1553 maledicto?
1064 1498 1359 1568 praesertim
1397 1515 1572 1568 quum
1618 1504 1681 1551 tu
1729 1516 1811 1550 re-

115 1583 316 1654 liquias
351 1586 431 1638 rei
463 1585 693 1654 publieae
729 1585 1125 1655 dissipavisses3
1162 1604 1336 1655 quum
1372 1586 1519 1639 domi
1553 1593 1659 1639 tuae
1694 1592 1810 1638 tur·
1897 1654 1902 1659 Ι

110 1672 333 1738 pissimo
364 1677 606 1726 mereatu
638 1672 819 1724 omnia
852 1677 1027 1725 essent
1059 1671 1305 1735 venalia3
1341 1688 1513 1739 quum
1538 1671 1682 1738 leges
1705 1688 1809 1734 eaS,

114 1775 235 1827 quae
259 1774 541 1825 nunquam
564 1757 916 1826 promulgatae
940 1763 1130 1821 essent,
1155 1761 1211 1809 et
1242 1755 1305 1811 de
1336 1761 1407 1820 te,
1442 1763 1498 1809 et
1528 1774 1561 1809 a
1591 1764 1644 1809 te
1677 1755 1811 1808 latas

110 1844 460 1910 confiterere3
494 1860 669 1912 quum
692 1844 930 1911 auspicia
951 1861 1144 1912 augur,
1164 1842 1595 1898 intercessionem
1620 1843 1808 1897 consul

113 1928 419 1984 sustulisses
433 1946 452 1994 ς
511 1945 687 1997 quum
741 1945 878 1983 esses
929 1928 1223 1983 foedissime
1278 1930 1508 1998 stipatus
1554 1930 1809 1994 armatis3

115 2033 288 2084 quum
313 2032 500 2078 omnes
523 2016 864 2084 impuritates
888 2014 1085 2085 pudiea
1106 2015 1165 2068 in
1190 2014 1348 2069 domo
1382 2015 1619 2082 quotidie
1648 2015 1811 2068 susci-

113 2121 283 2172 pereS,
322 2105 449 2157 vino
490 2103 781 2172 lustrisque
817 2103 1105 2157 confectus.
1176 2103 1225 2162 7.
1261 2092 1338 2156 At
1375 2120 1490 2171 eg0,
1527 2109 1809 2170 tamquam

114 2188 254 2242 mihi
300 2207 425 2242 cum
477 2188 555 2241 M.
604 2188 792 2242 Crasso
839 2189 1110 2241 eontentio
1160 2194 1313 2252 esset,
1351 2191 1584 2255 quocum
1623 2188 1807 2240 multae

27 2265 33 2274 ⁶
113 2279 168 2327 et
198 2291 410 2343 magnae
440 2273 680 2338 fuerunt,
705 2290 815 2326 non
845 2289 971 2326 cum
1005 2290 1114 2326 uno
1137 2272 1431 2341 gladiatore
1463 2272 1807 2340 nequissimO,

114 2359 180 2412 de
218 2376 275 2412 re
314 2358 533 2427 publica
571 2358 810 2427 graviter
844 2376 1091 2427 querens,
1127 2358 1192 2412 de
1233 2358 1450 2411 homine
1500 2356 1636 2410 nihi]
1680 2358 1812 2410 dixi.

26 2439 31 2456 '
116 2443 309 2512 Itaque
357 2443 515 2496 hodie
562 2443 843 2516 perficiam
883 2450 947 2498 ut
992 2443 1277 2512 intelligat,
1325 2450 1591 2511 quantum
1640 2462 1673 2496 a
1719 2461 1804 2496 me

110 2529 434 2582 beneficium
469 2537 590 2581 tum
625 2529 904 2597 acceperit.

213 2613 310 2667 IV.
363 2612 439 2665 At
479 2612 645 2666 etiam
682 2601 881 2678 litereS,
919 2629 1054 2681 quas
1088 2629 1178 2665 me
1218 2611 1318 2664 sibi
1353 2613 1557 2666 misisse
1594 2613 1809 2679 diceret,

109 2702 373 2767 recitavit,
396 2699 561 2755 homo
585 2707 639 2753 et
661 2699 1017 2754 humanitatis
1041 2716 1253 2768 expers,
1278 2706 1333 2753 et
1356 2699 1479 2754 vitae
1509 2702 1811 2754 eommunis

112 2790 348 2858 ignarus.
418 2788 558 2858 Quis
589 2788 733 2841 enim
769 2804 1033 2856 unquam,
1059 2788 1155 2856 qui
1185 2787 1495 2855 paullulum
1527 2789 1684 2842 modo
1719 2788 1811 2840 bo-

110 2892 311 2929 norum
357 2873 800 2929 consuetudinem
846 2880 1038 2939 nosset,
1086 2874 1269 2928 literas
1315 2875 1383 2927 ad
1430 2893 1485 2928 se
1531 2875 1598 2928 ab
1635 2875 1808 2928 amieo

113 2962 317 3027 missaS,
341 2960 630 3014 offensione
654 2960 838 3028 aliqua
859 2961 1191 3028 interposita,
1215 2962 1272 3014 in
1303 2961 1542 3013 medium
1568 2962 1810 3029 protulit,

113 3047 404 3116 palamque
440 3046 721 3101 recitavit?
773 3047 921 3116 Quid
952 3053 1036 3102 est
1056 3048 1234 3113 aliud,
1265 3046 1453 3100 tollere
1482 3065 1510 3100 e
1539 3048 1652 3101 vita
1687 3049 1809 3102 vitae

84 3165 89 3170 ·
112 3133 439 3197 societatem,
458 3131 646 3185 tollere
661 3133 958 3187 amicorum
981 3133 1250 3202 colloquia
1267 3133 1570 3187 absentium
1586 3132 1608 3187 2
1643 3152 1809 3202 quam

112 3218 289 3272 multa
318 3220 442 3298 joca
477 3218 651 3272 solent
687 3237 798 3273 esse
828 3221 890 3272 in'
914 3221 1169 3289 epistolis,
1205 3239 1343 3289 quse,
1375 3221 1584 3289 prolata
1615 3223 1658 3280 si
1688 3223 1812 3287 sint,

111 3306 296 3373 inepta
328 3302 644 3358 videantur!
683 3322 848 3374 quam
881 3306 1059 3359 multa
1086 3306 1242 3372 seria,
1275 3323 1451 3373 neque
1482 3311 1665 3360 tamen
1698 3308 1810 3361 ullo

20 3409 21 3476 ἦ
98 3389 273 3443 'modo
296 3388 658 3458 divulganda!
729 3394 779 3443 8.
818 3390 895 3443 Sit
928 3390 1031 3444 hoc
1053 3391 1472 3446 inhumanitatis
1501 3397 1640 3447 tuae:
1677 3394 1811 3446 stul-

111 3474 288 3528 titiam
343 3473 712 3528 incredibilem
761 3473 952 3529 videte.
1046 3475 1196 3544 Quid
1251 3476 1433 3542 habeS,
1482 3479 1628 3547 quod
1679 3480 1815 3534 mihi
