2307 3907
123 81 2269 251 *ιιι-...Ι

576 364 633 410 14
1013 367 1090 414 Μ.
1127 367 1381 418 TULLII
1415 369 1797 449 CICERONIS

567 508 769 570 autem,
794 506 889 574 qui
922 506 980 559 in
1006 524 1069 560 eo
1092 524 1321 562 numero
1344 508 1549 576 fuisset,
1571 526 1768 564 nomen
1792 518 1872 566 est
1895 513 2268 568 occultatum

568 590 898 655 occultatum
929 592 1087 648 dico?
1123 595 1281 662 cujus
1303 612 1412 647 non
1438 596 1621 649 statim
1652 596 1999 667 divulgatum
2015 598 2042 653 Ζ
2109 600 2269 654 Citin

567 672 819 740 dixerim,
851 676 1080 744 jactasse
1110 696 1167 732 se
1194 678 1421 747 aliquos,
1453 685 1518 734 ut
1547 680 1709 735 fuisse
1738 683 1798 736 in
1823 701 1888 737 ea
1911 685 2191 739 societate
2215 686 2269 738 vi

565 759 836 828 dematur,
860 780 1034 831 quum
1058 765 1256 818 conscii
1277 782 1387 818 non
1417 765 1658 832 fuissent,
1692 785 1857 836 quam
1888 777 1951 823 ut
1978 772 2269 840 quisquan

565 845 727 898 celari
767 846 946 912 vellet,
986 849 1083 917 qui
1118 848 1324 903 fuisset.
1397 853 1482 904 26.
1517 852 1699 920 Quam
1735 855 1849 907 veri
1888 855 2076 910 simile
2115 858 2269 925 p'orn

563 935 661 996 est,
709 933 767 984 in
803 939 885 986 tot
921 933 1248 1001 hominibuS,
1284 937 1483 1004 partim
1528 938 1782 1007 obscuris,
1821 942 2027 1009 partim
2070 942 2270 996 adoles

561 1017 805 1071 centibus
845 1020 1120 1075 neminem
1163 1021 1573 1088 occultantibus,
1627 1041 1815 1079 meum
1855 1043 2064 1080 nomen
2102 1027 2271 1081 laten

562 1103 837 1171 potuisse?
917 1105 1138 1160 Etenim
1181 1107 1227 1160 si
1269 1115 1512 1163 auctores
1552 1110 1621 1163 ad
1660 1111 1994 1166 liberandam
2033 1115 2271 1182 patriam

563 1191 992 1248 desiderarentur
1026 1193 1136 1248 illis
1176 1196 1503 1261 auctoribus,
1535 1196 1736 1251 Brutos
1776 1215 1874 1267 ego
1909 1199 2271 1268 impellerem²

562 1294 797 1345 quorum
843 1285 1074 1348 uterque
1122 1279 1186 1334 L.
1223 1281 1385 1334 Bruti
1424 1282 1716 1351 imaginem
1763 1284 2004 1351 quotidie
2040 1285 2271 1351 videret,

560 1363 700 1418 alter
735 1365 900 1420 etiam
933 1365 1162 1421 Ahalae‘e
1235 1367 1314 1421 Hi
1345 1368 1514 1437 igitur
1545 1368 1632 1421 his
1661 1369 1956 1437 majoribus
1981 1370 2052 1424 ab
2077 1371 2271 1426 alienis

562 1450 744 1517 potius
770 1451 1056 1505 consilium
1086 1457 1348 1520 peterent,
1373 1470 1540 1522 quam
1568 1471 1604 1507 a
1633 1452 1785 1512 suis?
1821 1461 1877 1509 ct
1906 1455 2036 1509 foris
2063 1458 2270 1526 potius,

562 1551 730 1603 quam
764 1535 961 1592 domo?
1030 1538 1218 1607 Quid?
1288 1540 1350 1593 C.
1386 1540 1616 1608 Cassius,
1651 1541 1711 1594 in
1743 1559 1808 1595 ea
1840 1541 2049 1597 familia
2082 1549 2268 1609 natus,

562 1638 683 1689 quae
717 1639 826 1675 non
866 1623 1025 1676 modo
1066 1623 1425 1689 dominatum,
1459 1625 1552 1679 sed
1590 1641 1660 1679 ne
1698 1626 1998 1695 potentiam
2039 1628 2266 1696 quidem

559 1704 883 1774 cujusquam
906 1706 1044 1762 ferre
1069 1710 1264 1776 potuit,
1289 1725 1377 1764 me
1400 1716 1696 1777 auctorem,
1715 1711 1888 1778 credo,
1914 1712 2260 1767 desideravit:

560 1792 656 1860 qui
679 1794 843 1846 etiam
866 1795 979 1848 sine
1002 1794 1088 1848 his
1111 1795 1418 1850 clarissimis
1439 1797 1570 1857 viris
1591 1796 1731 1851 hanc
1754 1815 1870 1851 rem
1893 1798 1953 1851 in
1980 1797 2171 1852 Cilicia
2191 1799 2260 1853 ad

559 1879 760 1932 ostium
781 1879 1024 1935 fluminis
1055 1882 1236 1951 Cydni
1266 1883 1589 1950 confecisset,
1622 1884 1668 1938 si
1691 1883 1785 1939 ille
1813 1884 1882 1939 ad
1914 1902 2033 1939 eam
2061 1885 2253 1955 ripam,

559 1984 726 2035 quam
751 1970 1116 2035 constituerat,
1147 1987 1257 2024 non
1286 1972 1355 2025 ad
1384 1973 1723 2037 contrariam,
1754 1989 1918 2027 naves
1946 1974 2249 2042 appulisset.

558 2052 644 2112 27.
680 2053 780 2109 Cn.
818 2055 1126 2109 Domitium
1161 2073 1271 2109 non
1305 2057 1476 2124 patris
1513 2057 1781 2123 interitus,
1822 2058 2100 2112 clarissimi
2130 2059 2251 2124 viri,

558 2125 666 2195 non
690 2141 948 2197 avunculi
990 2160 1152 2209 mors,
1208 2160 1317 2196 non
1365 2143 1609 2212 spoliatio
1657 2143 1945 2213 dignitatis,
1990 2144 2057 2199 ad
2102 2162 2250 2199 recu-

536 2226 852 2300 ‚perandum
875 2227 1201 2293 libertatem,
1224 2229 1315 2282 sed
1347 2246 1468 2282 mea
1488 2229 1779 2283 auctoritas
1803 2228 2093 2284 excitavit‘}
2160 2229 2247 2284 An

559 2314 626 2368 C.
652 2314 922 2368 Trebonio
944 2333 1042 2384 ego
1074 2313 1352 2384 persuasi?
1388 2317 1569 2370 cuine
1599 2316 1823 2370 suadere
1854 2316 2068 2385 quidem
2088 2334 2245 2371 ausus

450 2419 456 2426 ·
558 2420 744 2457 essem.
785 2402 911 2472 Quo
934 2402 1100 2456 etiam
1122 2404 1387 2472 majorem
1410 2404 1461 2458 ei
1483 2420 1568 2458 res
1589 2403 1808 2472 publica
1829 2402 2052 2472 gratiam
2076 2402 2241 2468 debet,

557 2489 654 2559 qui
676 2489 980 2545 libertatem
1003 2491 1196 2560 populi
1228 2490 1460 2545 Romani
1481 2492 1644 2545 unius
1671 2490 1919 2545 amicitiae
1948 2492 2238 2560 praeposuit,

557 2576 917 2647 depulsorque
940 2579 1262 2645 dominatus,
1287 2595 1453 2648 quam
1484 2579 1752 2647 particeps
1774 2595 1886 2635 esse
1907 2578 2109 2633 maluit.
2154 2578 2236 2631 An

556 2663 621 2717 L.
650 2663 848 2718 Tillius
872 2665 1094 2719 Cimber
1122 2684 1212 2720 me
1248 2672 1329 2720 est
1356 2672 1633 2721 auctorem
1664 2663 1917 2721 secutus?
1953 2682 2110 2734 quem
2141 2683 2235 2735 ego

554 2750 727 2818 magis
750 2750 932 2804 fecisse
956 2749 1108 2804 illam
1131 2768 1249 2804 rem
1284 2768 1407 2805 sum
1436 2750 1751 2816 admiratus,
1785 2767 1950 2820 quam
1977 2749 2231 2805 facturum

555 2836 763 2906 putavi.
832 2835 1150 2891 Admiratus
1188 2855 1313 2891 sum
1347 2842 1533 2892 autem
1574 2837 1643 2891 ob
1678 2854 1799 2891 eam
1834 2853 2060 2902 causam,
2101 2837 2230 2906 quod

556 2924 844 2976 immemor
888 2922 1289 2989 beneficiorum,
1338 2939 1547 2977 memor
1595 2922 1783 2991 patriae
1831 2920 2029 2975 fuisset.
2094 2921 2226 2990 Quid

555 3011 689 3065 duos
723 3008 1008 3065 Servilios?
1080 3009 1272 3064 Cascas
1308 3009 1500 3074 dicam,
1531 3025 1602 3062 an
1633 3005 1874 3061 Ahalas‘&
1908 3012 1962 3060 et
1990 3005 2082 3061 hos
2114 3025 2226 3061 auc·
2265 3057 2272 3082 μ,

554 3098 772 3153 toritate
812 3115 935 3152 mea
967 3115 1148 3152 censes
1181 3097 1443 3151 excitatos
1482 3096 1678 3165 potius,
1716 3112 1884 3164 quam
1919 3094 2125 3149 caritate
2157 3095 2224 3147 rei
2245 3091 2273 3184 ᾗ

553 3184 822 3254 publicaez
893 3185 1144 3255 Longum
1169 3189 1252 3239 est
1279 3183 1529 3253 persequi
1551 3188 1780 3237 ceteros:
1818 3180 1977 3251 idque
2004 3180 2079 3234 rei
2100 3181 2224 3250 pub-
2265 3197 2272 3282 1

552 3272 667 3326 licae
689 3272 1026 3341 praeclarum,
1048 3270 1216 3324 fuisse
1238 3276 1352 3323 tam
1375 3268 1593 3335 multos,
1616 3268 1746 3337 ipsis
1767 3266 2065 3336 gloriosum.
2271 3293 2272 3350 3

660 3357 797 3410 XII.
843 3359 927 3412 28.
996 3356 1074 3413 At
1114 3354 1572 3426 quemadmodum
1608 3372 1697 3408 me
1743 3352 2038 3422 coarguerit
2073 3349 2219 3405 homo
2271 3373 2272 3386 ¹

553 3450 762 3509 acutuS,
804 3442 1171 3497 recordamini.
1243 3444 1448 3495 Caesare
1487 3440 1788 3505 interfecto,
1827 3439 2017 3509 inquit,
2052 3439 2215 3493 statim

554 3536 841 3582 cruentum
863 3528 972 3583 alte
989 3527 1257 3582 extollens
1283 3528 1363 3582 M.
1381 3527 1588 3581 Brutus
1604 3527 1917 3595 pugionem,
1935 3524 2212 3579 Ciceronem
