2307 3907
0 87 107 256 Ι
270 116 279 123 ,
1223 132 1232 137 ,

369 372 649 423 ORATIO
699 372 1118 421 PHILIPPICA
1167 373 1517 422 SECUNDA.
1737 377 1799 423 29

190 510 470 565 XXVIII.
534 510 623 565 An
668 517 751 577 tu,
798 511 895 566 illa
945 513 1003 564 in
1049 512 1316 566 vestibulo
1369 519 1557 579 rostra,
1614 514 1785 582 spolia

77 612 265 667 quum
288 597 597 666 adspexisti,
623 597 847 651 domum
872 604 1022 652 tuam
1062 605 1116 652 te
1140 599 1362 653 introire
1387 599 1585 669 putas?
1650 602 1794 655 Fieri

76 701 196 737 non
239 689 431 752 potest.
499 684 765 752 Quamvis
798 685 942 738 enim
981 685 1095 737 sine
1123 690 1322 761 mente,
1361 687 1476 740 sine
1513 704 1672 741 sensu
1696 688 1784 753 sis,

1 793 2 800 ¹
78 776 149 824 ut
188 789 277 825 es:
312 776 495 824 tamen
525 777 579 824 et
612 776 682 836 te,
718 777 772 825 et
801 777 913 836 tua,
952 775 1009 825 et
1046 776 1168 824 tuos
1199 772 1357 825 nosti.
1427 771 1546 827 Nec
1583 790 1710 827 vero
1736 778 1791 828 te

3 836 355 925 mquam,
404 873 580 924 neque
637 855 968 924 vigilantem,
1027 862 1204 923 neque
1265 856 1324 909 in
1380 857 1582 911 somnis
1628 859 1784 912 credo

0 938 11 986 ε’
82 959 244 1010 posse
291 948 474 996 mente
513 943 816 995 consistere.
900 941 1129 994 Necesse
1170 945 1267 1006 est,
1317 943 1565 1010 quamvis
1601 943 1688 1009 siS,
1733 952 1797 1015 ut

81 1044 164 1091 εει,
202 1027 507 1082 vinolentus
544 1033 600 1082 et
635 1027 837 1093 furens,
877 1045 1051 1096 quum
1093 1026 1195 1080 tibi
1232 1027 1443 1096 objecta
1489 1027 1559 1081 sit
1596 1029 1796 1097 species

1 1159 2 1164 ,
85 1111 382 1179 singularis
406 1113 525 1178 viri,
563 1113 912 1181 perterritum
945 1118 999 1165 te
1031 1112 1096 1166 de
1120 1129 1307 1166 somno
1345 1113 1586 1179 excitari,
1614 1113 1795 1169 furere
1825 1166 1838 1180 ,

94 1197 265 1251 etiam
303 1214 441 1265 saepe
479 1198 810 1267 vigilantem.
883 1201 968 1253 69.
1006 1198 1097 1251 Me
1124 1198 1346 1266 quidem
1372 1199 1591 1254 miseret
1625 1200 1796 1268 parie-

89 1289 218 1337 tum
264 1284 506 1351 ipsorum
559 1293 726 1352 atque
773 1289 1061 1338 tectorum.
1145 1284 1294 1354 Quid
1350 1287 1497 1338 enim
1550 1303 1793 1355 unquam

89 1369 288 1422 domus
328 1368 423 1435 ills
456 1368 679 1434 viderat,
715 1370 819 1422 nisi
855 1369 1131 1437 pudicum,
1163 1370 1314 1437 quid,
1347 1372 1451 1423 nisi
1484 1388 1556 1425 ex
1590 1371 1795 1441 optimo

88 1470 244 1506 more
292 1461 347 1506 et
398 1455 727 1508 sanctissima
771 1453 1087 1524 disciplina?
1172 1455 1301 1509 Fuit
1353 1457 1496 1510 enim
1547 1457 1640 1512 ille
1692 1459 1792 1524 vir,

1 1555 4 1596 Ι
92 1540 284 1594 Patres
320 1542 622 1609 conscripti,
659 1542 798 1607 sicut
839 1541 1000 1606 scitis,
1051 1559 1225 1610 quum
1272 1541 1402 1596 foris
1441 1543 1633 1610 clarus,
1671 1551 1791 1598 tum

1 1637 4 1700 ζ
90 1626 244 1680 domi
278 1626 639 1691 admirandus,
678 1645 856 1695 neque
894 1627 1055 1679 rebus
1092 1627 1333 1681 externis
1361 1629 1534 1697 magis
1572 1629 1793 1684 laudan-

1 1711 4 1768 Ξ
91 1712 214 1779 dus,
251 1730 416 1780 quam
453 1713 713 1766 institutis
752 1712 1090 1765 domesticis:
1132 1711 1303 1781 hujus
1340 1715 1399 1767 in
1446 1714 1660 1768 sedibus
1693 1701 1861 1784 pros&

92 1799 357 1852 cubiculis
394 1798 619 1863 stabula,
658 1815 756 1866 pro
789 1798 1036 1853 tricliniis
1070 1799 1280 1868 popinae
1312 1806 1453 1854 sunt.
1528 1802 1644 1856 Etsi
1674 1803 1790 1871 jam

91 1892 273 1952 negat.
332 1883 542 1949 Nolite„
570 1883 738 1937 nolite
762 1901 1013 1952 quaerere.
1077 1884 1244 1953 Frugi
1274 1884 1447 1939 factus
1475 1891 1570 1940 est.
1632 1887 1790 1941 Illam

0 1992 6 2045 'l
94 1987 249 2023 suam
289 1988 412 2023 suas
445 1988 531 2024 res
566 1971 666 2023 sibi
701 1970 897 2023 habere
924 1971 1101 2039 jussit,
1137 1989 1205 2025 ex
1244 1972 1522 2026 duodecim
1559 1974 1789 2029 tabulis:

93 2054 271 2108 claves
310 2055 528 2120 ademit,
587 2056 782 2125 exegit.
879 2056 1059 2125 Quam
1107 2075 1266 2126 porro
1321 2064 1589 2127 spectatus
1643 2062 1790 2127 civis,

0 2058 50 2231 β
100 2159 275 2218 quam⁸
312 2140 601 2210 probatus!
649 2143 807 2211 cujus
842 2160 914 2195 ex
960 2144 1110 2196 omni
1146 2146 1259 2197 vita
1297 2144 1437 2198 nihil
1477 2153 1556 2200 est
1601 2146 1791 2201 hones-

1 2244 4 2303 2
93 2230 224 2295 tius,
273 2246 440 2298 quam
477 2230 619 2299 quod
654 2248 781 2283 cum
816 2232 985 2284 mima
1018 2231 1145 2285 feeit
1181 2231 1488 2286 divortium.
1583 2231 1666 2291 70.
1714 2234 1789 2288 At

1 2332 2 2337 ¹
95 2331 264 2382 quam
293 2315 476 2368 crebro
508 2323 749 2383 usurpat,
784 2324 831 2370 et
866 2319 1061 2392 consul,
1095 2325 1145 2371 et
1181 2318 1482 2372 Antonius!
1555 2317 1675 2373 Hoc
1709 2328 1790 2375 est

97 2400 292 2465 dicere,
329 2406 384 2454 et
406 2401 609 2467 consul,
633 2411 687 2455 et
717 2403 1204 2470 impudicissimus:
1243 2411 1298 2457 et
1321 2404 1523 2469 consul,
1548 2414 1602 2458 et
1625 2404 1787 2460 homo

95 2489 473 2557 nequissimus.
544 2489 690 2558 Quid
715 2497 795 2543 est
827 2490 972 2543 enim
1012 2489 1163 2543 aliud
1196 2489 1501 2544 Antonius?
1572 2491 1627 2543 N
1628 2509 1718 2546 am
1746 2495 1790 2546 si

98 2573 334 2642 dignitas
379 2575 773 2645 significaretur
816 2577 875 2630 in
919 2577 1171 2640 nomine;
1223 2578 1447 2631 dixisset
1482 2578 1788 2647 aliquando,

3 2619 8 2802 p
95 2661 271 2726 cred0‚
303 2679 438 2715 avus
472 2668 601 2715 tuus
636 2679 690 2715 se
726 2667 781 2716 et
814 2662 1088 2716 consulem
1118 2668 1197 2736 ‘et
1231 2661 1547 2716 Antonium.
1632 2664 1789 2719 Nun-

97 2764 267 2815 quam
292 2748 447 2803 dixit.
511 2747 749 2802 Dixisset
772 2750 936 2802 etiam
961 2748 1164 2816 collega
1186 2766 1357 2814 meus,
1395 2757 1621 2817 patruus
1643 2755 1789 2805 tuus.

3 2807 8 2908 l
98 2830 223 2885 Nisi
259 2839 322 2885 tu
360 2850 416 2886 es
456 2833 599 2886 solus
622 2833 904 2887 Antonius.
977 2834 1077 2887 Sed
1099 2834 1292 2889 omitto
1327 2851 1391 2887 ea
1414 2842 1645 2903 peccata,
1671 2854 1789 2905 quae

6 2917 9 2976 l
98 2933 209 2970 non
246 2926 374 2971 sunt
406 2935 590 2971 earum
625 2918 863 2987 partium
899 2919 1132 2986 propria,
1173 2918 1372 2987 quibus
1406 2926 1468 2971 tu
1503 2936 1619 2972 rem
1654 2922 1789 2989 pub-

6 2979 23 3054 i
98 3001 261 3056 licam
299 3005 602 3058 vexavisti:
644 3003 712 3056 ad
750 3004 888 3071 ipsas
923 3010 1044 3056 tuas
1070 3013 1251 3072 partes
1286 3002 1461 3069 reden,
1500 3005 1553 3058 id
1589 3013 1686 3072 est,
1723 3009 1788 3062 ad

6 3075 67 3194 Q
98 3088 258 3141 civile
280 3089 518 3144 bellum:
561 3089 707 3158 quod
729 3094 937 3154 natum,
961 3087 1273 3155 conflatum,
1297 3097 1606 3158 susceptum
1631 3108 1792 3170 opera

98 3183 197 3227 tua
238 3181 334 3228 est.

6 3213 19 3324 s
205 3260 418 3315 XXIX.
477 3264 561 3320 71.
615 3262 724 3317 Cui
767 3261 908 3316 bello
959 3279 1133 3331 quum
1181 3267 1402 3330 propte-1·
1446 3263 1790 3319 timiditatem

6 3330 9 3365 l
99 3353 273 3412 tuam,
307 3353 428 3401 tum
468 3353 688 3417 propter
721 3348 966 3402 libidines
994 3347 1229 3402 defuisti.
1298 3348 1556 3403 Gustaras
1578 3350 1790 3404 civilem

99 3433 435 3502 sanguinem,
472 3433 559 3487 vel
582 3434 762 3502 potius
783 3433 1168 3500 exsorbueras3
1202 3432 1381 3487 fueras
1411 3434 1467 3486 in
1491 3434 1601 3488 acie
1627 3433 1794 3488 Phar-

100 3520 261 3575 salica
297 3522 709 3591 antesignanus3
751 3521 811 3574 L.
852 3520 1174 3610 Domitium,
1212 3521 1570 3575 clarissimum
1608 3526 1665 3576 et
1700 3539 1795 3576 no-

8 3631 26 3782 (
2037 3731 2120 3775 f
