2307 3907
123 83 2277 269 -‚-——-——-——l

501 351 532 394 6
976 348 1052 395 M.
1091 348 1344 396 TULLII
1380 349 1762 419 CICERONIS
2125 414 2128 417 Α
2269 354 2277 423 1

500 498 721 562 questus
743 495 838 546 est.
901 489 992 542 An
1015 508 1113 560 ego
1134 509 1245 545 non
1262 492 1502 546 venirem
1526 498 1711 546 contra
1733 468 1970 546 alienum
1996 507 2102 561 pro
2129 492 2255 547 fa-
2274 480 2276 489 ⁴

498 581 697 634 miliari
715 586 770 634 et
786 576 1118 638 necessarioZ
1185 578 1315 633 Non
1338 579 1580 633 venirem
1602 585 1790 635 contra
1812 580 2063 659 gratiam,
2093 596 2243 634 non

500 667 717 720 virtutis
751 682 862 734 spe,
902 664 993 718 sed
1027 664 1198 718 aetatis
1234 662 1365 718 flore
1400 665 1715 719 collectam.
1697 664 1719 706 ἵ
1785 666 1914 720 Νοιι
1950 667 2231 720 venirem

498 757 682 804 contra
713 750 988 820 injuriam,
1021 737 1187 818 quam
1216 751 1316 804 iste
1355 739 1715 805 intercessoris
1745 751 2075 820 iniquissimi
2112 752 2226 806 be-

495 836 683 890 neficio
708 836 958 898 obtinuit,
979 851 1090 888 non
1108 835 1233 902 jure
1258 835 1504 904 praetorio
1524 833 1546 888 Ζ
1583 835 1684 888 Sed
1707 834 1809 888 hoc
1832 836 2031 889 idcirco
2049 854 2222 891 com-

492 927 852 975 memoratum
875 937 908 972 a
931 925 984 973 te
1009 926 1161 987 put0,
1186 925 1251 974 ut
1273 925 1329 973 te
1352 920 1540 973 infimo
1564 919 1738 972 ordini
1772 921 2214 985 commendareS‚

493 1025 667 1076 quum
691 1013 745 1062 te
770 1024 955 1060 omnes
978 1006 1384 1060 recordarentur
1406 1007 1643 1060 libertini
1674 1025 1950 1076 generum,
1976 1013 2031 1062 et
2062 1009 2217 1062 libe—

490 1111 576 1144 ros
605 1099 742 1156 tuos,
768 1098 989 1160 nepotes
1019 1091 1088 1160 Q.
1117 1090 1290 1156 Fadii,
1313 1091 1555 1144 libertini
1585 1091 1838 1157 hominis,
1861 1092 2042 1146 fuisse.
2121 1094 2208 1147 At

490 1180 633 1232 enim
682 1186 735 1231 te
782 1179 843 1230 in
869 1171 1227 1246 'disciplinam
1285 1195 1465 1231 meam
1520 1178 1847 1249 tradideras:
1901 1174 2072 1248 (nam'
2121 1182 2208 1234 ita

490 1265 675 1319 dixisti
699 1264 743 1332 ;)
795 1263 1021 1317 domum
1062 1280 1242 1316 meam
1283 1262 1589 1316 ventitaras.
1661 1260 1762 1316 Nae
1808 1270 1889 1331 tu,
1930 1265 1977 1316 si
2015 1264 2076 1318 id
2120 1266 2209 1318 fe-

485 1354 658 1417 cisseS,
686 1351 889 1404 'melius
923 1348 1096 1413 famae,
1130 1347 1331 1402 melius
1364 1349 1639 1416 pudicitiae
1669 1357 1798 1406 tuae.
1814 1351 2194 1405 consuluisses

490 1424 590 1492 Sed
624 1456 800 1506 neque
831 1437 1023 1502 fecisti,
1047 1454 1163 1498 nec,
1188 1438 1233 1489 si
1270 1453 1510 1504 cuperes,
1541 1436 1643 1490 tibi
1673 1436 1728 1489 id
1762 1454 1861 1506 per
1892 1438 1964 1491 C:
1994 1437 2198 1491 Curio-

486 1544 612 1578 nem
644 1524 816 1578 facere
848 1523 1101 1576 licuisset.
1173 1527 1221 1575 4.
1263 1523 1579 1590 Auguratus
1610 1524 1926 1599 petitionem
1956 1524 2100 1576 mihi
2136 1534 2194 1578 te

418 1634 433 1647 ·
485 1613 797 1666 concessisse
846 1609 1048 1662 dixisti.
1119 1607 1172 1661 O
1219 1608 1589 1662 incredibilem
1636 1609 1951 1664 audaciam!
2005 1629 2036 1663 o
2086 1613 2192 1664 im-

482 1699 801 1767 pudentiam
836 1693 1267 1765 praedicandam!
1323 1695 1449 1763 Quo
1491 1695 1638 1748 enim
1680 1703 1926 1765 tempore
1961 1715 2050 1749 me
2091 1716 2192 1751 au-

484 1800 674 1851 gurem
712 1800 745 1836 a
781 1788 894 1835 toto
932 1781 1162 1849 collegio
1203 1782 1512 1849 expetitum
1551 1780 1651 1833 Cn.
1695 1768 1985 1850 Pompeius
2022 1788 2078 1836 et
2116 1783 2187 1852 Q.

486 1868 808 1923 Hortensius
847 1867 1281 1930 nominaverunt,
1322 1863 1526 1934 (neque
1573 1867 1718 1918 enim
1759 1866 1951 1920 licebat
1991 1884 2024 1919 a
2060 1867 2187 1935 plu-

483 1957 630 2009 ribus
654 1953 964 2026 nominari,)
991 1960 1055 2008 tu
1078 1972 1177 2007 nec
1210 1953 1464 2007 solvendo
1487 1971 1621 2019 eraS,
1642 1971 1741 2007 nec
1772 1961 1824 2008 te
1858 1955 1971 2008 ullo
2005 1956 2184 2020 modo,

485 2042 588 2094 nisi
612 2059 796 2095 eversa
818 2059 876 2094 re
901 2040 1133 2110 publica,
1158 2038 1272 2092 fore
1299 2038 1627 2093 incolumem
1651 2039 1890 2106 putabas,
1964 2039 2187 2093 Poteras

481 2137 666 2182 autem
704 2129 766 2181 'eo
803 2137 1047 2196 tempore
1085 2130 1416 2195 auguratum
1454 2130 1654 2194 petere,
1698 2142 1870 2192 quum
1917 2126 1973 2177 in
2023 2126 2186 2180 Italia

484 2216 650 2269 Curio
674 2233 782 2269 non
806 2214 981 2269 esset?
1017 2221 1114 2267 aut
1136 2221 1277 2279 tum,
1301 2230 1474 2283 quum
1498 2230 1554 2265 es
1575 2211 1764 2275 factuS,
1783 2229 1949 2265 unam
1974 2214 2183 2270 tribum

481 2302 593 2353 sine
627 2300 861 2353 Curione
892 2299 1031 2352 ferre
1066 2296 1365 2367 potuisses?
1409 2297 1566 2366 cujus
1598 2297 1761 2349 etiam
1793 2296 2086 2351 familiares
2116 2300 2182 2353 de

482 2388 537 2437 vi
570 2385 908 2439 condemnati
934 2389 1078 2448 sunt,
1104 2378 1249 2452 quod
1273 2382 1355 2436 tui
1379 2382 1541 2434 nimis
1563 2379 1788 2434 studiosi
1811 2379 2051 2436 fuissent.

595 2469 702 2522 ΙΙΙ.
748 2473 796 2523 5.
844 2468 921 2521 At
953 2468 1213 2521 beneficio
1244 2482 1367 2519 sum
1400 2471 1496 2518 tuo
1520 2483 1666 2519 usus,
1751 2465 1917 2534 Quo?
1970 2467 2179 2536 Quam:

481 2575 646 2625 quam
680 2556 816 2609 illud
852 2557 1051 2624 ipsum,
1089 2553 1235 2622 quod
1271 2569 1675 2617 commemoraS,
1708 2570 1920 2621 semper
1949 2572 2057 2622 prae
2088 2574 2176 2609 me

480 2642 601 2696 tuli.
677 2642 850 2695 Malui
898 2658 987 2694 me
1034 2640 1133 2693 tibi
1185 2638 1378 2692 debere
1413 2639 1671 2704 confiteri,
1710 2657 1877 2708 quam
1918 2642 2174 2710 cuiquam

482 2730 661 2781 minus
684 2728 940 2796 prudenti
971 2743 1082 2779 non
1113 2727 1244 2800 sath
1274 2732 1461 2794 gratus
1482 2727 1671 2781 videri.
1743 2727 1844 2781 Sed
1877 2746 1985 2797 quo
2018 2730 2174 2783 bene-

480 2813 638 2868 ficio?
693 2815 837 2883 quod
886 2831 973 2867 me
1016 2811 1292 2865 Brundisii
1337 2829 1447 2865 non
1493 2812 1781 2867 occideris?
1834 2814 2014 2882 Quem
2061 2816 2173 2885 ipse

480 2903 666 2967 victor,
705 2902 803 2969 qui
843 2900 960 2964 tibi,
1000 2906 1064 2954 ut
1111 2903 1230 2951 tute
1270 2898 1488 2967 gloriari
1534 2899 1755 2966 solebas,
1793 2899 2055 2955 detulerat
2103 2922 2172 2957 ex

478 2988 777 3042 latronibus
824 2989 934 3042 suis
973 2985 1359 3056 principatum,
1401 2975 1612 3038 salvum
1650 3003 1761 3039 esse
1801 2983 2073 3051 voluisset,
2099 2992 2170 3044 ,in

480 3075 696 3129 ltaliam
734 3076 811 3129 ire
846 3076 1107 3144 jussisset,
1149 3091 1277 3127 eum
1319 3079 1380 3126 tu
1420 3073 1720 3127 occideres?
1773 3073 1879 3127 Fac
1920 3077 2167 3141 potuisse.

476 3162 634 3230 Quod
667 3169 748 3217 est
779 3163 943 3229 aliud,
981 3162 1168 3215 Patres
1199 3161 1501 3230 conscripti,
1526 3161 1846 3215 beneficium
1877 3161 2162 3230 latronum,

474 3248 577 3300 nisi
600 3252 665 3301 ut
683 3264 1103 3301 commemorare
1126 3247 1349 3315 possint,
1366 3248 1432 3300 iis
1456 3265 1509 3301 se
1535 3247 1736 3302 dedisse
1761 3247 1945 3312 vitam,
1971 3249 2162 3316 quibus

474 3350 582 3384 non
605 3331 942 3386 ademerint?
980 3332 1141 3401 Quod
1169 3332 1214 3384 si
1243 3339 1379 3386 esset
1400 3333 1739 3395 beneficium,
1764 3349 2046 3400 nunquam
2071 3335 2159 3402 qui

473 3417 631 3470 illum
662 3417 1064 3483 interfecerunt,
1088 3435 1122 3471 a
1153 3434 1261 3485 quo
1294 3424 1447 3473 erant
1471 3419 1784 3483 conservati,
1811 3437 1944 3487 quos
1967 3421 2157 3488 tuipse

472 3501 789 3557 clarissimos
819 3503 962 3556 viros
995 3503 1130 3557 soles
1161 3502 1452 3569 appellare,
1485 3509 1699 3563 tantam,
1730 3511 1904 3559 essent
1938 3504 2155 3573 gloriam
