2307 3907
366 336 509 387 ORA
521 335 646 387 '1³10
683 335 1104 401 PHILIPPICA
1139 338 1491 409 SECUNDA.
1709 342 1773 392 39

51 494 164 532 cur
188 483 296 533 tua
320 479 680 534 misericordia
709 480 874 534 simili
903 498 1011 535 non
1041 481 1338 536 fruuntur?
1375 499 1473 536 cur
1496 500 1585 537 eos
1611 482 1775 538 habes

53 565 119 616 in
158 564 284 618 loco
320 563 539 633 patrui?
576 563 641 618 de
682 582 791 633 quo
831 565 988 632 ferre,
1023 584 1198 634 quum
1234 567 1299 620 de
1334 566 1557 635 reliquis
1588 566 1771 634 ferrea,

52 650 331 705 noluisti:
369 668 531 720 quem
562 652 727 704 etiam
755 652 824 705 ad
855 670 1133 706 censuram
1168 654 1454 722 petendam
1488 654 1772 722 impulisti,

54 754 306 806 eamque
340 738 658 806 petitionem
698 741 1034 807 comparasti,
1070 758 1188 810 quae
1228 747 1285 796 et
1317 742 1455 795 risus
1488 740 1772 794 hominum

12 829 122 881 vet
170 824 424 894 querelas
467 832 722 880 moveret.
795 829 881 881 99.
923 826 1038 880 Cur
1076 832 1261 882 autem
1302 845 1365 882 ea
1404 828 1621 882 comitia
1665 845 1773 881 non

60 908 355 963 habuisti?
390 926 462 963 an
483 910 610 978 quia
635 911 883 964 tribunus
905 911 1077 978 plebis
1099 912 1377 967 sinistrum
1401 912 1611 966 fulmen
1634 930 1774 965 nun-

62 993 282 1048 tiabat?
352 994 541 1063 Quum
574 1001 673 1049 tua
706 996 838 1064 quid
874 997 1112 1062 interest,
1145 997 1301 1051 nulla
1334 999 1572 1066 auspicia
1611 1005 1770 1064 sunt3

29 1080 33 1085 ’
64 1095 249 1146 quum
298 1084 536 1144 tuorum,
578 1084 699 1132 tum
739 1080 804 1132 fis
838 1079 1134 1150 religiosuS.
1205 1081 1390 1151 Quid?
1444 1082 1674 1135 eundern
1716 1083 1772 1136 in

62 1164 463 1231 septemviram
485 1181 662 1218 nonne
692 1164 1020 1220 destituisti?
1083 1166 1381 1220 Intervenit
1403 1167 1564 1220 enim.
1624 1167 1769 1236 Quid

34 1249 359 1304 ‘metuisti‘ss
430 1250 621 1317 Credo,
668 1269 737 1305 ne
785 1253 932 1306 salvo
979 1254 1150 1321 capite
1197 1270 1392 1322 negare
1429 1271 1539 1308 non
1578 1271 1772 1322 possea

71 1333 352 1390 Omnibus
389 1354 516 1390 eum
558 1337 896 1391 contumeliis
930 1339 1179 1404 onerasti,
1221 1355 1386 1406 quem
1427 1338 1594 1406 patris
1638 1338 1773 1405 loco,

67 1422 115 1474 si
152 1422 272 1476 ulla
302 1424 360 1476 in
390 1428 445 1478 te
482 1423 653 1491 pietas
685 1429 838 1488 esset,
877 1423 1049 1477 colere
1087 1423 1331 1477 debebas.
1405 1423 1601 1476 Filiam
1631 1425 1768 1494 ejus,

69 1526 312 1564 sororem
357 1516 529 1577 tuam,
565 1509 784 1578 ejecisti,
818 1510 925 1563 alia
963 1510 1266 1563 conditione
1301 1511 1523 1579 quaesita
1557 1517 1612 1564 et
1645 1517 1770 1565 ante

69 1603 365 1666 perspecta.
427 1597 554 1650 Non
588 1602 669 1650 est
701 1596 845 1650 satis.
912 1596 1099 1650 Probri
1134 1596 1460 1650 insimulasti
1494 1597 1770 1665 pudicissi-

71 1700 225 1745 mam
247 1683 520 1737 feminam.
586 1681 733 1750 Quid
758 1687 855 1746 est,
881 1681 1025 1749 quod
1049 1681 1175 1734 addi
1198 1679 1400 1749 possit?
1472 1680 1771 1736 Contentus

74 1787 138 1823 eo
161 1787 273 1822 non
292 1769 465 1823 fuisti.
516 1767 969 1837 Frequentissimo
997 1772 1186 1820 senatu
1213 1765 1476 1820 Kalendis
1497 1765 1771 1820 Januariis

75 1855 289 1910 sedente
313 1861 522 1924 patru0,
547 1854 687 1908 hanc
706 1853 805 1907 tibi
827 1872 939 1908 esse
963 1872 1090 1907 cum
1114 1853 1396 1907 Dolabella
1419 1870 1633 1907 causam
1659 1853 1769 1906 odii

77 1939 250 1995 dicere
272 1959 434 1995 ausus
457 1960 529 2007 es,
554 1940 698 2009 quod
721 1939 789 1994 ab
821 1958 883 1993 eo
907 1940 1073 1993 sorori
1104 1944 1159 1993 et
1191 1939 1352 1993 uxori
1381 1940 1487 1994 tuae
1518 1946 1768 2007 stuprum
1853 1948 1860 1956 ‘

0 2023 36 2120 ἰ
79 2027 319 2082 oblatum
343 2045 454 2081 esse
477 2026 837 2095 comperisses.
905 2025 1043 2093 Quis
1074 2025 1413 2093 interpretari
1446 2030 1636 2094 potest,
1669 2026 1770 2078 im-

78 2113 447 2183 pudentiorne,
483 2114 581 2181 qui
614 2114 673 2165 in
702 2116 908 2176 senatu,
940 2128 1010 2164 an
1044 2111 1355 2179 improbior,
1392 2112 1488 2179 qui
1517 2111 1576 2164 in
1609 2111 1771 2165 Dola-

77 2199 294 2265 bellam,
335 2216 405 2252 an
439 2199 719 2266 impurior,
755 2197 852 2265 q‘ui
890 2201 1042 2265 patre
1078 2197 1347 2266 audiente,
1382 2215 1453 2250 an
1488 2198 1774 2264 crudelior,

78 2284 174 2352 qui
196 2284 255 2337 in
276 2283 426 2337 illam
449 2285 699 2337 miseram
723 2288 837 2337 tam
860 2299 1069 2350 spurce,
1092 2287 1209 2336 tam
1235 2282 1399 2351 impie
1425 2282 1626 2337 dixeris
1645 2281 1667 2337 2

182 2370 447 2424 XXXIX.
496 2373 612 2423 100.
659 2368 761 2422 Sed
787 2368 855 2421 ad
887 2368 1245 2437 chirographa
1266 2370 1561 2423 redeamus,
1635 2370 1770 2439 Quae

84 2464 178 2512 tua
203 2455 310 2510 fuit
339 2454 611 2526 cogniti02
681 2455 820 2510 Acta
851 2455 997 2507 enim
1030 2454 1251 2508 Coesaris
1282 2455 1426 2523 pacis
1456 2459 1616 2509 causa
1648 2473 1772 2509 con-

1 2590 2 2593 ,
81 2544 289 2598 firmata
322 2549 450 2598 sunt
482 2561 516 2598 a
549 2548 754 2607 senatu,
791 2560 910 2611 quae
945 2542 1166 2611 quidem
1203 2541 1381 2595 Caesar
1413 2541 1622 2610 egisset,
1657 2559 1769 2595 non

1 2600 4 2657 l
84 2648 160 2698 ea,
198 2649 316 2700 quae
357 2630 615 2684 Caesarem
649 2631 817 2699 egisse
858 2630 1079 2683 dixisset
1119 2628 1406 2682 Antonius.
1476 2628 1630 2682 Unde
1669 2630 1772 2683 ista

4 2721 10 2736 ⁶
85 2716 412 2787 erumpunt?
447 2734 556 2785 quo
592 2725 809 2771 auctore
839 2712 1224 2786 proferuntur?
1260 2714 1305 2767 si
1336 2721 1462 2769 sunt
1491 2714 1642 2782 falsa,
1673 2733 1771 2769 cur

86 2801 409 2871 probantur?
445 2801 491 2855 si
519 2819 661 2867 vera,
695 2819 795 2854 cur
824 2800 1097 2855 veneunt?
1169 2799 1247 2854 At
1277 2801 1352 2855 sic
1384 2802 1676 2870 placuerat,
1708 2807 1772 2855 ut

88 2905 151 2939 ex
175 2886 432 2940 Kalendis
461 2885 643 2940 Juniis
663 2886 728 2940 de
752 2886 974 2940 Caesaris
1002 2887 1135 2940 actis
1166 2904 1292 2939 cum
1316 2886 1533 2939 consilio
1556 2904 1773 2955 cognos-

0 3009 44 3107 Ῠ)
88 2972 618 3111 ceretiskalffuogjujt
640 2971 955 3070 consilium?
981 2989 1153 3110 ἓξὲξ
1171 2989 1417 3041 unquam
1428 2972 1770 3111 8‹icimvocasti‘l

1 3079 36 3115 ,·
90 3076 216 3127 quas
362 3075 431 3111 en
598 3074 751 3110 umas
786 3075 980 3126 exspec
1184 3073 1256 3109 an
1289 3073 1393 3120 eas,
1532 3074 1666 3125 quas
1723 3076 1770 3122 e,

0 3127 68 3178 μθ
88 3145 371 3215 peragratis
393 3151 770 3198 veteranorum
794 3144 1030 3210 coloniis,
1050 3143 1310 3212 stipatum
1326 3144 1491 3197 armis
1507 3144 1771 3198 retulisti?

0 3168 13 3283 Γ
185 3230 234 3284 Ο
251 3229 566 3299 praeclarum
583 3228 735 3282 illam
757 3230 1211 3298 percursationem
1229 3233 1381 3282 tuam
1397 3245 1579 3282 mense
1596 3227 1774 3297 Aprili

1 3376 2 3381 η
90 3323 242 3385 atque
267 3314 431 3379 Maio,
456 3319 596 3379 tum,
629 3330 802 3382 quum
833 3313 998 3367 etiam
1031 3312 1278 3381 Capuam
1310 3311 1574 3366 coloniam
1608 3312 1771 3367 dedu-

1 3402 2 3407 ’
93 3419 201 3456 cere
223 3406 440 3455 conatus
462 3398 542 3454 es!
583 3399 1055 3468 Quemadmodum
1072 3398 1224 3453 illinc
1245 3398 1457 3459 abieris,
1481 3401 1569 3454 vel
1590 3401 1771 3470 potius

95 3504 232 3557 poene
264 3503 371 3540 non
404 3484 613 3551 abieris,
647 3483 859 3538 scimus.
930 3487 1047 3538 101.
1081 3483 1188 3538 Cui
1226 3489 1290 3537 tu
1325 3484 1450 3539 urbi
1488 3484 1769 3540 minitaris.

0 3582 19 3761 'f
