2307 3907
0 83 247 240 Ι,
1199 120 1206 127 ,
1723 124 1732 131 ,

387 338 666 389 ORATIO
703 338 1124 388 PHILIPPICA
1158 339 1383 388 SECUN
1388 339 1504 392 DA.
1726 341 1782 386 41

93 477 319 531 Misisse
364 483 420 531 te
465 477 595 531 dicis
639 477 1041 544 Alexandriam,
1089 478 1186 547 qui
1236 483 1437 532 emeret
1489 494 1522 531 a
1568 477 1789 531 Caesare.

94 563 303 632 Ipsum
337 564 482 617 enim
513 567 819 633 exspectare
849 579 1110 630 magnum
1138 561 1278 617 fuit!
1352 566 1469 616 104.
1503 562 1640 631 Quis
1663 579 1788 614 vero

88 651 317 705 audivit
339 668 580 719 unquam
604 649 835 720 (nullius
856 658 1038 705 autem
1060 649 1204 704 salus
1226 667 1364 703 curae
1388 649 1633 718 pluribus
1653 647 1788 717 fuit)

90 735 168 789 de
186 735 420 790 fortunis
443 735 694 789 Varronis
717 752 832 789 rem
863 735 1033 789 ullam
1064 752 1175 788 esse
1204 732 1532 788 detractam?
1602 733 1786 802 Quid!

0 852 67 898 3..-
88 823 145 875 si
185 823 353 876 etiam
393 825 601 892 scripsit
639 824 707 878 ad
747 829 800 876 te
840 821 1030 886 Caesar,
1065 827 1129 876 ut
1167 822 1444 876 redderes:
1491 821 1623 890 quid
1663 823 1789 875 satis

90 914 279 977 potest
303 909 408 963 dici
430 909 495 963 de
516 915 667 964 tanta
689 907 1050 978 impudentia?
1091 909 1329 962 Remove
1351 908 1551 978 gladios
1571 925 1789 976 parum-

91 1013 202 1064 per
236 996 374 1062 illos,
407 1014 540 1065 quos
571 996 828 1050 videmus.
897 997 935 1048 J
936 1014 1025 1050 am
1064 996 1343 1065 intelligeS,
1375 996 1536 1050 aliam
1574 1014 1787 1050 causam

93 1100 217 1136 esse
240 1083 404 1138 hastoe
436 1083 673 1149 CaesariS,
697 1084 859 1138 aliam
894 1085 1221 1138 confidentiae
1253 1089 1307 1138 et
1329 1084 1645 1139 temeritatis
1667 1091 1785 1137 tuae.

93 1168 233 1223 Non
279 1171 426 1223 enim
472 1176 525 1223 te
566 1170 813 1224 dominus
852 1171 1010 1225 modo
1048 1171 1156 1224 illis
1201 1170 1427 1234 sedibuS‚
1475 1170 1566 1224 sed
1612 1171 1788 1240 quivis

91 1255 324 1320 amicus,
348 1255 570 1321 vicinus,
593 1255 800 1324 hospes,
823 1261 1134 1324 procurator
1155 1257 1370 1310 arcebit.

205 1339 358 1393 XLI.
421 1341 496 1394 At
520 1358 685 1410 quam
706 1341 906 1395 multos
929 1341 1039 1395 dies
1060 1342 1119 1394 in
1141 1358 1205 1394 ea
1227 1341 1356 1394 villa
1377 1341 1683 1413 turpissime
1708 1347 1786 1394 est

94 1424 516 1492 perbacchatus!
587 1425 674 1479 Ab
699 1425 833 1481 hora
861 1426 1017 1479 tertia
1046 1425 1344 1490 bibebatur,
1369 1425 1669 1491 ludebatur,
1694 1441 1786 1478 vo-

95 1509 368 1564 mebatur.
440 1510 491 1564 Ο
533 1516 674 1565 tecta
710 1512 826 1579 ipsa
864 1511 1073 1575 misera,
1113 1525 1269 1579 quam
1308 1513 1504 1578 dispari
1544 1513 1784 1567 domino!

94 1596 452 1666 Quamquam
475 1598 741 1666 quomodo
764 1598 864 1651 iste
887 1596 1173 1652 dominus?
1208 1597 1299 1650 sed
1326 1604 1509 1651 tamen
1532 1614 1696 1666 quam
1718 1599 1785 1652 ab

96 1682 300 1751 dispari
333 1681 681 1738 tenebantur!
755 1681 1064 1736 Studiorum
1095 1683 1239 1736 enim
1271 1700 1493 1736 suorum
1520 1682 1598 1736 M.
1617 1682 1785 1737 Varro

95 1768 276 1822 voluit
298 1787 408 1823 esse
431 1770 584 1836 illud,
608 1787 717 1823 non
739 1768 1024 1823 libidinum
1053 1771 1429 1824 deversorium.
1500 1774 1615 1824 105.
1650 1771 1784 1840 Quae

92 1855 159 1907 in
194 1854 289 1908 illa
322 1855 451 1909 villa
484 1861 642 1910 antea
676 1855 1021 1911 dicebantur!
1066 1875 1185 1925 quae
1221 1856 1618 1926 cogitabantur!
1666 1876 1785 1927 quae

95 1941 269 1996 literis
291 1942 713 1999 mandabantur!
783 1943 923 1998 Jura
945 1945 1132 2013 populi
1165 1945 1412 2011 Romani,
1436 1951 1786 2000 monumenta

0 2043 35 2122 1
96 2028 388 2097 majorum,
413 2030 586 2083 omnis
616 2030 885 2098 sapientiae
908 2031 1060 2095 ratio,
1085 2032 1364 2100 omnisque
1388 2030 1650 2085 doctrinae.
1709 2031 1784 2085 At

96 2130 244 2179 ver0,
261 2120 315 2167 te
332 2113 620 2182 inquilino,
639 2110 775 2183 (non
797 2114 942 2167 enim
959 2112 1223 2184 domino,)
1242 2114 1591 2182 personabant
1606 2116 1785 2169 omnia

96 2199 321 2253 vocibus
349 2199 619 2253 ebriorum
637 2217 654 2265 3
690 2199 946 2253 natabant
977 2198 1284 2268 pavimenta
1307 2200 1467 2265 vino;
1500 2198 1783 2252 madebant

94 2286 361 2355 parietes;
395 2286 616 2355 ingenui
639 2287 793 2355 pueri
824 2305 949 2340 cum
981 2280 1281 2351 meritoriis,
1306 2291 1478 2341 scorta
1498 2287 1640 2340 inter
1669 2303 1782 2339 ma-

96 2372 437 2429 tresfamilias
477 2375 839 2430 versabantur.
910 2374 1101 2440 Casino
1147 2375 1441 2429 salutatum
1481 2373 1779 2438 veniebant,

99 2460 335 2529 Aquin0,
354 2461 676 2516 Interamna.
711 2461 991 2515 Admissus
1007 2468 1085 2515 est
1103 2479 1277 2515 nemo.
1312 2461 1350 2512 J
1352 2478 1447 2514 ure
1463 2460 1519 2514 id
1536 2459 1779 2528 quidem:

95 2546 155 2598 in
188 2544 405 2600 homine
439 2548 584 2608 enim
622 2548 931 2616 turpissimo
973 2547 1349 2601 obsolefiebant
1389 2545 1660 2615 dignitatis
1699 2544 1780 2597 in-

1 2638 2 2655 *
96 2633 284 2701 signia.
326 2636 443 2687 106.
465 2634 655 2703 Quum
670 2634 793 2687 inde
813 2634 1042 2687 Romam
1064 2633 1401 2701 proficiscens
1416 2633 1484 2687 ad
1500 2631 1778 2699 Aquinum

97 2717 382 2783 accederet,
427 2719 639 2773 obviam
678 2718 728 2772 ei
767 2719 1021 2787 processit
1063 2714 1155 2787 (ut
1195 2725 1275 2771 est
1314 2717 1567 2788 frequens
1604 2717 1780 2792 muni-

1 2822 4 2875 *ss
96 2802 326 2874 cipium)
362 2820 555 2873 magna
589 2820 713 2856 sane
748 2802 1055 2857 multitudo.
1124 2801 1199 2856 At
1236 2802 1335 2856 iste
1375 2808 1559 2871 operta
1594 2802 1780 2855 lectica

1 2912 2 2923 2
98 2889 239 2943 latus
270 2907 368 2958 per
401 2881 659 2957 oppidum
692 2892 772 2942 est
810 2895 874 2941 ut
906 2894 1169 2942 mortuus.
1240 2888 1413 2942 Stulte
1446 2887 1774 2957 Aquinates:

0 3000 25 3091 ι)
97 2974 188 3028 sed
232 2980 414 3029 tamen
457 2974 516 3026 in
562 2974 650 3028 via
692 2973 1019 3028 habitabant.
1110 2974 1260 3043 Quid
1302 2970 1609 3045 Anagnini!
1662 2974 1774 3040 qui,

1 3027 266 3190 ikquum
290 3063 461 3116 essent
494 3058 652 3124 devii,
682 3057 1080 3125 descenderunt,
1113 3065 1178 3113 ut
1207 3060 1390 3125 istum,
1418 3065 1697 3127 tamquam
1730 3059 1776 3110 si

96 3148 248 3208 esset,
283 3142 555 3197 consulem
586 3142 896 3197 salutarent!
967 3144 1285 3198 Incredibile
1317 3144 1493 3198 dictu:
1531 3144 1621 3197 sed
1652 3153 1773 3197 tum

95 3229 255 3285 nimis
275 3228 417 3283 inter
437 3246 621 3283 omnes
647 3230 936 3296 constabat,
960 3230 1233 3285 neminem
1255 3248 1364 3285 esse
1387 3230 1771 3285 resalutatum:

96 3312 388 3383 praesertim
424 3330 595 3383 quum
630 3312 763 3367 duos
795 3332 975 3369 secum
1010 3315 1320 3384 Anagninos
1352 3316 1589 3382 haberet,
1627 3316 1777 3369 Mus-

96 3400 256 3455 telam
279 3404 334 3454 et
357 3399 623 3455 Laconem
631 3418 651 3467 3
684 3419 915 3471 quorum
937 3402 1073 3456 alter
1086 3403 1387 3472 gladiorum
1410 3410 1490 3458 est
1512 3405 1772 3473 princeps,

98 3488 229 3541 alter
256 3486 590 3555 poculorum.
660 3487 777 3547 10¹7.
812 3489 958 3558 Quid
992 3507 1089 3559 ego
1119 3490 1238 3544 illas
1273 3490 1425 3544 istius
1455 3490 1628 3544 minas
1649 3507 1774 3543 con-

4 3599 27 3666 7
99 3572 447 3641 tumeliasque
478 3591 906 3642 commemorem,
939 3576 1135 3644 quibus
1163 3577 1407 3631 invectus
1437 3580 1518 3630 est
1547 3574 1604 3627 in
1640 3575 1771 3629 Sidi-
