2307 3907
542 318 572 361 8
1013 312 1091 361 Μ.
1126 312 1381 362 TULLII
1417 314 1805 365 CICERONIS

541 473 795 524 opponas,
830 455 994 508 homo
1030 454 1243 518 diserte,
1278 460 1342 509 ut
1386 454 1632 510 Mustelae
1669 455 1908 511 Tamisio
1943 465 2003 512 et
2057 458 2254 512 Tironi

541 541 793 595 Numisio
815 539 1048 595 viderisZ
1086 542 1184 611 qui
1209 558 1382 610 quum
1405 540 1507 594 hoc
1530 542 1645 610 ipso
1668 548 1912 611 tempore
1934 550 2093 598 stent
2127 559 2256 597 cum

540 628 731 697 gladiis
773 631 833 684 in
880 636 1170 698 conspectu
1209 636 1441 693 senatus,
1478 646 1577 698 ego
1623 647 1842 699 quoque
1877 636 1932 684 te
1973 630 2253 684 disertum

538 715 758 783 putabo,
807 716 854 768 si
899 698 1204 779 ostenderis,
1256 716 1523 784 quomodo
1574 717 1646 770 sis
1691 734 1782 771 eos
1825 719 1967 771 inter
2026 719 2254 772 sicarios

541 799 871 854 defensurus.
945 799 1045 854 Sed
1083 800 1218 868 quid
1253 817 1491 870 opponas
1523 802 1759 868 tandem,
1796 803 1843 857 si
1886 820 2108 873 negem,
2161 822 2249 858 me

341 918 365 958 0
538 903 784 954 unquam
818 886 946 941 istas
981 885 1167 939 literas
1197 885 1267 939 ad
1302 893 1356 939 te
1391 885 1636 941 misisse?
1673 905 1783 956 quo
1816 905 1905 941 me
1940 894 2086 942 teste
2122 905 2247 942 con-

539 972 756 1028 vincas?
791 974 882 1026 An
909 971 1306 1042 chirographo?
1342 973 1402 1026 in
1436 990 1544 1042 quo
1575 972 1742 1028 habes
1771 975 2056 1028 scientiam
2096 991 2244 1042 quae·

539 1064 795 1112 stuosam.
873 1059 985 1128 Qui
1021 1056 1226 1127 possis‘l
1270 1064 1399 1111 sunt
1432 1059 1580 1111 enim
1609 1057 1818 1112 librarii
1850 1075 2038 1113 manu.
2108 1057 2238 1111 Jam

538 1145 748 1199 invideo
767 1147 1020 1215 magistro
1044 1152 1160 1211 tu0,
1178 1144 1276 1214 qui
1297 1151 1352 1199 te
1374 1150 1527 1200 tanta
1546 1145 1809 1210 mercede,
1834 1152 2103 1214 quantam
2120 1147 2238 1215 jam

540 1231 824 1300 proferam,
848 1233 989 1286 nihil
1019 1250 1205 1302 sapere
1236 1232 1434 1286 docuit.
1503 1234 1553 1286 9.
1588 1233 1737 1302 Quid
1763 1239 1845 1287 est
1872 1233 2021 1287 enim
2053 1233 2239 1286 minus

539 1335 648 1370 non
679 1318 795 1372 dico
829 1320 1070 1386 oratorie,
1097 1319 1191 1372 sed
1222 1318 1474 1386 hominis,
1506 1337 1672 1388 quam
1703 1320 1758 1374 id
1786 1320 2018 1390 objicere
2049 1319 2236 1374 adver-

540 1407 695 1470 sari0,
733 1405 879 1474 quod
915 1405 1006 1458 ille
1043 1407 1089 1458 si
1122 1406 1286 1460 verbo
1327 1407 1554 1476 negarit,
1590 1407 1805 1477 longius
1839 1405 2094 1476 progredi
2128 1423 2235 1460 non

538 1493 721 1560 possit,
757 1493 853 1561 qui
895 1492 1188 1562 objecerit?
1231 1493 1308 1548 At
1345 1512 1442 1563 ego
1480 1511 1588 1548 non
1625 1511 1790 1564 nego:
1834 1499 1998 1563 teque
2036 1493 2097 1546 in
2130 1493 2231 1546 isto

538 1579 651 1646 ipso
675 1580 931 1633 convinco
955 1596 1065 1633 non
1086 1578 1498 1634 inhumanitatis
1527 1578 1723 1644 solum,
1748 1579 1840 1633 sed
1859 1579 2025 1633 etiam
2047 1595 2230 1632 amen-

538 1665 639 1716 tiae.
709 1663 870 1732 Quod
894 1665 1040 1718 enim
1063 1665 1293 1719 verbum
1320 1665 1379 1718 in
1411 1665 1530 1719 istis
1559 1665 1732 1719 literis
1754 1670 1835 1718 est
1864 1680 1975 1717 non
2004 1663 2227 1732 plenum

538 1750 910 1816 humanitatiS,
943 1751 1121 1817 officii,
1145 1749 1562 1806 benevolentiaeZ
1599 1750 1779 1804 Omne
1811 1755 1997 1804 autem
2024 1751 2224 1803 crimen

541 1844 700 1888 tuum
723 1842 821 1900 est,
845 1835 991 1905 quod
1015 1836 1081 1889 de
1105 1842 1159 1890 te
1191 1836 1248 1889 in
1272 1835 1358 1889 his
1379 1837 1549 1891 literis
1581 1853 1690 1890 non
1712 1835 1855 1890 male
1888 1836 2223 1899 existimem,·

540 1925 685 1994 quod
716 1923 945 1978 scribam
977 1928 1260 1992 tamquam
1291 1923 1361 1978 ad
1393 1924 1586 1989 civem,
1610 1929 1891 1993 tamquam
1927 1922 1995 1978 ad
2025 1922 2221 1977 bonum

540 2011 735 2074 virum,
755 2026 862 2063 non
885 2015 1166 2078 tamquam
1190 2009 1258 2064 ad
1280 2011 1599 2065 sceleratum
1617 2016 1672 2064 et
1693 2009 1971 2064 latronem.
2031 2007 2109 2062 At
2130 2026 2221 2077 ego

539 2101 662 2147 tuas
681 2093 881 2159 literas,
907 2094 1007 2148 etsi
1032 2095 1161 2163 jure
1184 2101 1428 2163 poteram
1458 2112 1492 2149 a
1522 2101 1577 2149 te
1601 2094 1889 2160 lacessitus,
1912 2099 2095 2148 tamen
2106 2110 2219 2179 ,non

539 2175 838 2249 proferam:
884 2181 1084 2250 quibus
1113 2182 1269 2250 petis,
1294 2186 1357 2236 ut
1387 2181 1490 2236 tibi
1519 2198 1617 2250 per
1646 2199 1735 2235 me
1767 2181 1923 2235 liceat
1956 2180 2217 2248 quendam

539 2269 604 2322 de
641 2269 830 2322 exsilio
867 2267 1140 2335 reducere,
1175 2268 1520 2338 adjurasque‚
1554 2268 1611 2321 id
1650 2276 1724 2333 te,·
1761 2267 1933 2321 invito
1970 2284 2075 2331 me,
2116 2285 2216 2322 non

540 2372 650 2408 esse
687 2354 976 2438 facturum,
1015 2353 1179 2422 idque
1219 2370 1254 2407 a
1292 2370 1380 2407 me
1421 2353 1697 2423 impetras.
1771 2350 1919 2421 Quid
1956 2352 2099 2405 enim
2134 2369 2214 2405 me

541 2442 938 2510 interponerem
990 2438 1226 2494 audaciae
1280 2439 1426 2493 tuaez
1486 2457 1652 2509 quem
1704 2456 1881 2507 neque
1940 2440 2213 2494 auctoritas

539 2526 634 2594 huj
642 2544 707 2580 us
735 2525 951 2590 ordinis,
975 2541 1149 2594 neque
1182 2524 1511 2579 existimatio
1549 2523 1740 2593 populi
1774 2522 2018 2587 Romani,
2047 2530 2210 2592 neque

540 2612 683 2680 leges
728 2611 851 2664 ullae
897 2616 1112 2679 possent
1165 2627 1422 2664 coercere.
1510 2613 1598 2663 10.
1651 2606 2038 2662 Verumtamen
2090 2608 2208 2677 quid

540 2703 672 2762 erat,
706 2696 850 2765 quod
886 2713 975 2749 me
1011 2712 1243 2763 rogares,
1276 2696 1323 2748 si
1360 2701 1477 2750 erat
1508 2696 1571 2760 ia,
1597 2695 1663 2749 de
1701 2712 1811 2765 quo
1841 2694 2071 2764 rogabo-⁴1,
2103 2695 2208 2748 Cae·

540 2782 671 2835 saris
694 2782 809 2851 lege
835 2778 1125 2834 reductus?
1199 2779 1306 2834 Sed
1338 2780 1587 2835 videlicet
1610 2798 1789 2835 meam
1806 2781 2031 2850 gratiam
2053 2781 2209 2835 voluit

540 2886 685 2923 esse:
732 2868 790 2921 in
831 2884 940 2936 quo
979 2883 1046 2920 ne
1083 2866 1253 2935 ipsius
1289 2867 1512 2937 quidem
1549 2867 1665 2922 ulla
1703 2884 1815 2921 esse
1849 2872 2069 2934 poterat,
2103 2867 2205 2936 lege

539 2956 664 3009 lata.

642 3039 708 3093 V.
780 3038 882 3094 Sed
923 3055 1097 3107 quum
1142 3037 1298 3103 mihi,
1347 3037 1532 3093 Patres
1567 3039 1869 3109 conscripti,
1910 3045 1966 3092 et
2002 3057 2093 3108 pro
2130 3056 2202 3093 me

538 3124 761 3194 aliquid,
784 3123 921 3179 etin
945 3123 1023 3176 M.
1047 3122 1349 3176 Antonium
1377 3121 1552 3177 multa
1579 3123 1802 3178 dicenda
1823 3123 1960 3178 sint:
1994 3124 2198 3179 alterum
2245 3091 2263 3176 l

537 3215 662 3279 peto
684 3226 718 3263 a
739 3209 906 3273 vobis,
931 3215 996 3262 ut
1017 3225 1123 3273 me,
1147 3224 1247 3276 pro
1276 3225 1364 3262 me
1388 3208 1671 3273 dicentem,
1701 3209 1965 3279 benigne3
1995 3210 2198 3265 alterum

537 3301 650 3366 ipse
696 3296 941 3359 efficiam,
989 3300 1069 3359 ut,
1117 3299 1303 3349 contra
1351 3295 1513 3349 illum
1559 3313 1734 3365 quum
1781 3296 1972 3361 dicam,
2024 3303 2197 3351 attente

537 3384 780 3437 audiatis.
841 3382 1014 3435 Simul
1044 3381 1183 3434 illud
1206 3399 1298 3435 oro
1320 3401 1335 3437 z
1373 3384 1417 3436 si
1448 3401 1627 3439 meam
1654 3400 1828 3453 quum
1851 3383 1910 3437 in
1931 3385 2069 3438 omni
2089 3386 2195 3446 vita,

536 3478 658 3524 tum
688 3470 747 3523 in
780 3469 1002 3523 dicendo
1037 3469 1457 3524 moderationem
1493 3472 1920 3540 modestiamque
1949 3472 2193 3541 cognostis,
