2307 3907
17 102 2081 253 ΔΜ

339 368 616 419 ORATIO
654 367 1076 416 PHILIPPICA
1110 367 1338 417 SECUN
1343 367 1458 417 DA.
1669 370 1734 415 33
1751 418 1758 424 ,

17 520 70 566 ει
135 511 370 580 quidem
413 527 538 564 cum
576 510 706 578 ipso.
777 508 932 562 Nihil
968 525 1166 578 queror
1201 508 1266 563 de
1304 508 1599 575 Dolabella,
1637 511 1738 580 qu'i

17 615 159 653 aum
195 603 282 650 est
314 597 594 665 impulsus,
624 596 893 660 inductu8‚
916 595 1114 649 elusuS.
1182 595 1307 664 Qua
1341 595 1400 649 in
1436 615 1494 650 re
1530 602 1735 665 quanta

17 684 211 738 r'uerit
260 688 491 749 uterque
538 687 777 734 vestrum
830 679 1053 748 perfidia
1105 680 1166 732 in
1211 679 1566 746 Dolabellam,
1614 683 1736 750 quis

18 766 303 839 'gnoratZ
350 766 450 818 Ille
482 765 720 831 induxit,
750 770 813 819 ut
844 762 1081 833 peteret,·
1116 766 1438 833 promissum
1474 773 1529 820 et
1557 784 1737 836 recep-

17 865 165 910 tum
216 852 539 917 intervertit,
585 838 651 904 ad
691 867 853 919 seque
890 840 1197 905 transtulit:
1245 857 1308 906 tu
1346 852 1465 921 ejus
1503 852 1735 920 perfidiae

17 931 386 995 voluntatem
423 942 576 991 tuam
611 936 947 1004 adscripsisti.
1016 936 1255 991 Veniunt
1304 937 1561 992 Kalendae
1607 939 1740 993 Jan-

17 1027 211 1082 uariae
232 1043 248 1092 3
281 1025 526 1090 cogimur
548 1024 605 1076 in
622 1028 865 1076 senatum
886 1039 902 1088 ;
932 1023 1175 1076 invectus
1190 1029 1271 1077 aet
1288 1023 1549 1092 copiosius
1563 1024 1738 1078 multo

17 1116 90 1166 in
121 1113 302 1166 istum
325 1116 380 1164 et
403 1109 639 1178 paratius
664 1107 958 1174 Dolabella,
983 1126 1148 1177 quam
1172 1127 1317 1163 nunc
1339 1126 1453 1178 egO.
1512 1114 1596 1163 80.
1630 1110 1739 1164 Hic

17 1206 233 1253 autem
266 1196 436 1250 iratus
459 1212 579 1264 quae
602 1194 758 1259 dixit,
784 1194 859 1247 dii
889 1193 1047 1249 boni!
1087 1194 1334 1248 Primum
1367 1213 1539 1264 quum
1564 1196 1740 1252 Caesar

23 1281 381 1346 ostendisset,
428 1297 500 1345 se,
549 1280 864 1348 priusquam
911 1280 1347 1349 proficisceretur,
1398 1280 1737 1337 Dolabellam

23 1367 327 1421 consulem
362 1383 473 1420 esse
503 1366 815 1435 jussurum:
865 1363 1057 1434 (quem
1090 1370 1290 1434 negant
1322 1382 1519 1434 regem,
1557 1368 1653 1435 qui
1682 1373 1737 1421 et

23 1456 249 1509 faceret
281 1471 491 1521 semper
519 1452 783 1521 ejusmodi
812 1451 1034 1521 aliquid,
1067 1457 1122 1505 et
1155 1451 1354 1505 diceret
1368 1450 1413 1522 :)
1450 1452 1540 1506 sed
1565 1471 1737 1523 quum

30 1542 228 1594 Caesar
251 1540 328 1593 ita
346 1540 598 1603 dixisset3
632 1546 750 1592 tum
775 1538 864 1592 hic
886 1538 1058 1592 bonus
1079 1550 1256 1606 augur
1284 1555 1347 1592 eo
1371 1556 1425 1592 se
1449 1541 1737 1595 sacerdotio

33 1629 341 1697 praeditum
376 1644 487 1680 esse
521 1627 676 1692 dixit,
710 1632 775 1680 ut
808 1627 1024 1680 comitia
1058 1626 1308 1695 auspiciis
1342 1627 1427 1680 vel
1446 1629 1736 1697 impedire,

40 1714 135 1767 vel
155 1714 346 1766 vitiare
364 1717 555 1781 posset,
573 1712 736 1780 idque
760 1729 814 1766 se
837 1710 1108 1766 facturum
1132 1728 1243 1764 esse
1265 1713 1597 1766 asseveravit.
1668 1715 1735 1768 In

41 1817 162 1867 quo
196 1798 436 1866 primum
467 1796 830 1851 incredibilem
861 1797 1231 1865 stupiditatem
1260 1796 1492 1852 hominis
1522 1816 1737 1868 cognos-

46 1887 175 1938 cite.
245 1888 328 1938 81.
364 1883 512 1952 Quid
559 1881 741 1937 enim?
789 1883 952 1948 istud,
1000 1884 1144 1952 quod
1192 1889 1248 1938 te
1294 1885 1569 1939 sacerdotii
1610 1887 1734 1956 jure

45 1974 228 2027 facere
251 1990 401 2041 posse
434 1971 637 2037 dixisti,
662 1971 708 2025 si
738 1989 918 2040 augur
946 1989 1055 2025 non
1085 1987 1240 2037 esseS,
1274 1976 1329 2025 et
1365 1972 1550 2025 consul
1580 1991 1733 2039 esses,

21 2055 237 2136 'minus
273 2060 444 2113 faeere
480 2056 777 2127 potuisses?
830 2057 963 2110 Vide
1002 2075 1071 2110 ne
1110 2058 1276 2110 etiam
1312 2056 1533 2111 facilius.
1619 2060 1735 2115 Nos

50 2146 201 2197 enim
223 2143 613 2197 nuntiationem
645 2142 821 2196 solum
850 2141 1143 2196 habemus:
1181 2142 1422 2196 consules
1452 2149 1507 2197 et
1537 2145 1732 2214 reliqui

52 2231 396 2299 magistratus
441 2228 605 2282 etiam
649 2221 989 2297 spectionem.
1081 2228 1243 2282 Esto:
1303 2227 1405 2281 hoc
1449 2230 1730 2298 imperite3

54 2331 151 2368 nec
174 2315 317 2368 enim
363 2320 443 2368 est
488 2312 556 2366 ab
601 2312 817 2367 homine
862 2329 1143 2381 nunquam
1187 2313 1360 2367 sobrio
1415 2316 1731 2384 postulanda

56 2398 367 2465 prudentia:
405 2397 494 2450 sed
519 2397 693 2451 videte
724 2389 1131 2465 impudentiam.
1205 2397 1397 2452 Multis
1429 2405 1553 2454 ante
1582 2418 1731 2455 men·

58 2485 201 2537 sibus
229 2485 285 2536 in
309 2489 496 2537 senatu
526 2482 684 2548 dixit,
716 2499 771 2535 se
803 2481 1094 2535 Dolabellae
1125 2483 1343 2536 comitia
1372 2489 1466 2537 aut
1496 2485 1731 2553 prohibi-

59 2576 242 2623 turum
263 2570 523 2637 auspiciis,
547 2574 643 2622 aut
673 2567 728 2621 id
750 2567 1022 2621 facturum
1045 2586 1173 2634 esse,
1194 2569 1335 2639 quod
1360 2569 1501 2625 fecit.
1570 2574 1731 2642 Quis-

63 2673 286 2724 quamne
316 2656 553 2708 divinare
584 2661 775 2723 potest,
807 2654 937 2724 quid
971 2655 1088 2709 vitii
1117 2656 1175 2709 in
1205 2657 1452 2726 auspiciis
1480 2658 1728 2715 futurum

64 2741 142 2804 sit,
166 2742 265 2794 nisi
289 2741 382 2811 qui
413 2740 477 2793 de
500 2739 624 2793 caelo
656 2757 865 2794 servare
895 2740 1207 2795 constituit?
1242 2744 1386 2811 quod
1408 2761 1580 2813 neque
1604 2747 1729 2801 licet

67 2827 281 2880 comitiis
301 2845 397 2895 per
417 2826 579 2895 legeS,
599 2832 670 2892 et,
690 2828 733 2879 si
757 2827 853 2895 qui
876 2827 1121 2888 servavit,
1139 2844 1248 2881 non
1272 2829 1501 2882 comitiis
1517 2828 1727 2898 habitis,

68 2910 150 2963 sed
179 2912 486 2980 priusquam
517 2910 831 2978 habeantur,
864 2912 1019 2966 debet
1054 2913 1318 2967 nuntiare.
1388 2914 1590 2968 Verum
1627 2916 1728 2969 im-

43 2994 249 3110 »plicata
269 2996 542 3049 inscientia
558 2996 892 3065 impudentia
906 3004 1019 3064 est;
1050 3016 1149 3052 nec
1168 3000 1265 3052 scit
1283 2999 1426 3068 quod
1450 3017 1726 3069 augurem,

46 3091 47 3094 ’
102 3097 159 3133 ec
193 3080 313 3136 facit
333 3081 476 3149 quod
510 3083 798 3151 pudentem
834 3083 1000 3137 decet.
1072 3087 1156 3137 82.
1191 3082 1371 3151 Atque
1406 3102 1478 3137 ex
1515 3085 1607 3138 illo
1642 3086 1726 3140 die

180 3167 399 3220 rdamini
443 3168 561 3238 ejus
582 3186 755 3238 usque
800 3169 867 3223 ad
917 3169 1048 3223 Idus
1094 3169 1319 3223 Martias
1374 3171 1725 3233 consulatum.

158 3254 170 3266 '
194 3270 425 3321 unquam
443 3254 717 3323 apparitor
731 3259 844 3307 tam
866 3253 1106 3320 humilis,
1124 3259 1238 3309 tam
1256 3254 1534 3323 abjectus?
1571 3254 1728 3311 Nihil

76 3333 92 3348 ”
205 3345 434 3409 poterat3
465 3342 647 3395 omnia
668 3342 918 3411 rogabat3
955 3348 1117 3411 caput
1138 3341 1199 3395 in
1219 3358 1457 3397 aversam
1481 3343 1724 3399 lecticam

80 3417 300 3488 inserens,
322 3424 590 3492 beneficia,
616 3443 734 3496 quae
754 3426 1023 3492 venderet,
1047 3444 1081 3480 a
1100 3428 1303 3497 collega
1326 3428 1554 3497 petebat.

167 3510 431 3565 XXXIII.
466 3512 605 3567 Ecce
647 3513 936 3569 Dolabellae
960 3516 1302 3569 comitiorum
1325 3516 1470 3581 dies3
1519 3517 1723 3570 sortitio

196 3598 228 3648 3
