2307 3907
360 375 640 427 ORATIO
687 376 1107 426 PHILIPPICA
1153 374 1501 425 SECUNDA.
1719 375 1776 430 17

87 518 433 574 mortalitatis
466 518 724 571 memoria
758 516 1184 587 prosequantur?
1256 517 1347 570 Tu
1381 534 1508 570 vero
1544 516 1780 571 adscribe

26 636 29 659 ι,
87 624 182 660 me
217 605 380 659 talem
416 605 473 657 in
509 621 817 658 numerum.
964 602 975 614 ⁶

26 746 29 761 ι,
200 691 353 744 XIV.
389 691 472 743 34.
545 689 644 742 Sed
669 707 836 742 unam
861 705 976 741 rem
1002 707 1189 743 vereor
1221 707 1290 742 ne
1324 707 1431 743 non
1465 688 1670 758 probes·
1730 687 1785 741 Si

26 788 33 831 ἰ
87 778 242 831 enim
276 777 512 842 fuissem,
546 793 654 829 non
689 775 862 828 solum
898 792 1097 844 regem,
1129 775 1219 828 sed
1252 792 1481 844 regnum
1519 775 1684 828 etiam
1719 774 1784 827 de

28 834 156 933 ,xre
193 863 407 930 publica
448 861 818 914 sustulissem:
865 866 936 925 et,
971 860 1017 913 si
1059 879 1214 914 meus
1255 861 1410 914 stilus
1453 861 1544 914 ille
1580 861 1785 925 fuisset,

26 936 33 1013 l
68 953 160 1004 ‘ut
199 949 409 1013 dicitur,
435 947 573 1001 mihi
606 947 777 1013 crede,
800 963 908 999 non
940 946 1117 999 solum
1151 964 1328 999 unum
1360 951 1561 1011 actum,
1587 946 1677 999 sed
1710 951 1789 998 to-

92 1042 212 1087 tam
236 1033 474 1086 fabulam
500 1028 856 1085 confecissem.
926 1032 1277 1100 Quamquam
1300 1032 1345 1084 si
1368 1031 1599 1084 interfici
1619 1031 1788 1084 Caesa-

26 1122 29 1175 l
91 1137 213 1173 rem
256 1118 485 1172 voluisse
529 1119 732 1171 crimen
767 1123 864 1180 est,
890 1117 1028 1182 vide,
1055 1135 1250 1186 quaeso,
1274 1111 1496 1182 Antoni,
1521 1117 1649 1186 quid
1685 1115 1788 1170 tibi

26 1190 27 1199 ἵ
92 1205 346 1259 futurum
363 1204 448 1268 sit,
466 1219 627 1272 quem
654 1209 707 1255 et
724 1202 973 1256 Narbone
999 1202 1100 1256 hoc
1124 1203 1408 1257 consilium
1433 1219 1559 1256 cum
1579 1201 1641 1255 C.
1651 1202 1785 1256 Tre-

98 1289 258 1343 bonio
273 1289 469 1355 cepisse
483 1288 824 1341 notissimum
841 1296 936 1352 est,
953 1295 1008 1341 et
1022 1288 1090 1342 ob
1108 1289 1227 1356 ejus
1244 1288 1448 1341 consilii
1464 1289 1790 1354 societatem,

97 1390 273 1443 quum
308 1373 701 1426 interficeretur
736 1372 928 1438 Caesar,
953 1378 1074 1427 tum
1111 1380 1165 1426 te
1200 1390 1232 1426 a
1255 1372 1523 1427 Trebonio
1557 1374 1790 1429 vidimus

94 1460 348 1514 sevocari.
419 1459 538 1528 Ego
586 1466 770 1512 autem
826 1456 976 1528 (vide
1029 1477 1195 1528 quam
1243 1466 1426 1513 tecum
1475 1477 1631 1528 agam
1680 1477 1790 1520 non

96 1546 343 1613 inimice)
392 1546 536 1615 quod
589 1547 725 1600 bene
773 1548 1017 1615 cogitasti
1067 1547 1373 1616 aliquand0‚
1410 1547 1600 1601 laudo:
1645 1546 1789 1616 quod

26 1638 27 1673 ἐ
98 1652 213 1687 non
263 1633 523 1697 indicasti,
559 1635 757 1702 gratias
804 1653 937 1704 ago:
990 1628 1134 1703 quod
1184 1652 1293 1688 non
1338 1634 1526 1700 fecisti,
1562 1635 1789 1704 ignosco.

101 1722 298 1774 Virum
334 1739 418 1774 res
451 1721 546 1775 illa
580 1722 867 1790 quoerebat.
945 1723 1030 1775 35.
1068 1718 1229 1790 Quod
1265 1722 1312 1775 si
1344 1728 1399 1775 te
1433 1722 1492 1774 in
1521 1721 1790 1790 judicium

102 1808 226 1876 quis
274 1806 520 1872 adducat,
568 1800 899 1875 usurpetque
949 1807 1086 1860 illud
1129 1807 1462 1873 Cassianum,
1512 1823 1603 1860 cm
1651 1825 1792 1862 Bono

103 1910 345 1945 rnam'r:
401 1892 540 1959 vide,
593 1909 786 1962 quaeso,
836 1910 905 1945 ne
957 1891 1170 1946 hoereas.
1253 1891 1603 1961 Quamquam
1654 1891 1791 1947 illud

102 1977 323 2046 quidem
356 1976 482 2043 fuit,
518 1985 582 2030 ut
629 1986 690 2030 tu
728 1978 953 2043 diceba-⁴1,
988 1979 1239 2031 omnibus
1272 1979 1429 2043 bon0,
1465 1978 1562 2047 qui
1595 1980 1790 2033 servire

25 2051 60 2136 ζ
101 2064 355 2118 nolebant
380 2083 393 2118 z
430 2065 529 2118 tibi
556 2072 739 2117 tamen
762 2066 1050 2134 praecipue,
1077 2066 1174 2134 qui
1208 2084 1315 2119 non
1351 2066 1508 2119 modo
1542 2081 1651 2117 non
1684 2083 1794 2119 ser-

104 2151 202 2215 νίε,
237 2149 327 2203 sed
363 2149 529 2202 etiam
574 2167 797 2218 regnas3
849 2151 944 2220 qui
990 2152 1233 2205 maximo
1280 2158 1334 2204 te
1368 2168 1470 2204 aere
1515 2150 1690 2205 alieno
1724 2152 1790 2206 ad

102 2233 272 2288 aedem
307 2234 442 2304 Opis
477 2234 712 2288 liberasti
737 2253 752 2301 ;
795 2237 891 2303 qui
925 2254 1023 2304 per
1056 2236 1267 2289 easdem
1301 2235 1512 2294 tabulas
1546 2235 1792 2291 innume·

101 2320 330 2374 rabilem
373 2322 656 2389 pecuniam
701 2321 1056 2389 dissipavisti;
1099 2321 1169 2374 ad
1211 2339 1374 2390 quem
1419 2339 1447 2375 e
1483 2322 1641 2374 domo
1677 2322 1791 2375 Cae-

102 2408 236 2459 saris
266 2413 380 2459 tam
416 2407 592 2461 multa
627 2406 802 2459 delata
837 2411 1001 2471 sunt3
1044 2408 1202 2475 cujus
1236 2407 1380 2461 domi
1417 2408 1795 2476 quaestuosissi-

101 2508 194 2544 ma
246 2497 326 2544 est
373 2492 631 2545 falsorum
681 2491 1189 2546 commentariorum
1226 2499 1279 2545 et
1312 2491 1790 2561 chirographorum

101 2578 332 2642 officina,
373 2595 643 2646 agrorum,
698 2577 1037 2645 oppidorum,
1081 2578 1511 2644 immunitatum,
1562 2581 1790 2650 vectiga-

102 2664 243 2717 lium
288 2662 709 2731 flagitiosissimae
759 2663 1028 2716 nundinae.
1096 2665 1200 2717 36.
1263 2663 1481 2717 Etenim
1534 2681 1653 2733 quae
1706 2683 1790 2719 res

98 2750 330 2818 egestati
364 2753 419 2801 et
452 2749 544 2801 aeri
576 2748 749 2802 alieno
784 2753 896 2815 tu0‚
919 2752 1114 2816 praeter
1145 2754 1377 2801 mortem
1392 2747 1627 2814 CaesariS,
1665 2750 1789 2803 sub-

96 2837 283 2890 venire
306 2833 608 2904 potuisset?
679 2834 872 2889 Nescio
896 2834 1027 2903 quid
1052 2835 1401 2889 conturbatus
1424 2852 1534 2889 esse
1558 2835 1785 2891 videris:

100 2923 371 2992 numquid
397 2923 673 2988 subtimes,
694 2940 763 2975 ne
786 2922 853 2975 ad
879 2930 932 2975 te
966 2921 1069 2976 hoc
1103 2923 1307 2976 crimen
1341 2922 1607 2989 pertinere
1643 2923 1786 2977 vide-

95 3010 264 3066 atur?
338 3011 532 3064 Libero
566 3015 621 3063 te
656 3017 841 3063 metu:
878 3027 1036 3064 nemo
1060 3009 1241 3063 credet
1262 3025 1541 3077 unquam3
1579 3025 1688 3062 non
1710 3022 1787 3065 est

25 3107 260 3220 *tuum
297 3098 363 3151 de
398 3116 455 3151 re
489 3097 708 3165 publica
740 3097 875 3150 bene
909 3097 1140 3162 mereri3
1177 3095 1340 3149 habet
1362 3096 1515 3149 istius
1540 3096 1788 3165 pulcher-

26 3223 27 3228 ,
90 3184 226 3237 rimi
251 3183 382 3237 facti
411 3183 732 3237 clarissimos
753 3183 896 3237 viros
918 3201 1002 3236 res
1037 3182 1254 3251 publica
1287 3189 1560 3234 auctores:
1610 3199 1707 3251 ego
1731 3188 1786 3240 te

86 3273 316 3322 tantum
340 3268 572 3336 gaudere
596 3267 730 3332 dioc,
747 3267 929 3321 fecisse
953 3284 1061 3320 non
1085 3283 1267 3335 arguo.
1320 3266 1588 3334 Respondi
1612 3272 1787 3325 maxi-

88 3355 199 3407 mis
226 3354 572 3408 criminibus:
609 3371 756 3408 nunc
781 3354 942 3407 etiam
969 3354 1193 3423 reliquis
1214 3353 1640 3421 respondendum
1666 3363 1761 3413 est.

196 3438 325 3493 XV.
382 3441 467 3498 37.
537 3438 727 3494 Castra
762 3439 900 3493 mihi
950 3439 1211 3509 Pompeii,
1257 3444 1419 3509 atque
1454 3439 1592 3495 illud
1626 3460 1785 3499 omne

84 3534 316 3595 tempus
364 3525 620 3595 objecisti.
695 3527 820 3595 Quo
869 3527 1087 3596 quidem
1136 3531 1378 3595 tempore
1424 3526 1485 3591 si,
1535 3535 1598 3581 ut
1651 3529 1784 3599 dixi,
