2307 3907
514 336 577 378 30
967 335 1043 382 Μ.
1081 334 1334 383 TULLII
1381 334 1766 385 CICERONIS

514 489 835 545 bilissimum
861 491 1059 555 virum,
1092 489 1393 554 occideras;
1432 489 1655 555 multos,
1688 491 1785 559 qui
1807 508 1838 544 e
1860 493 2060 561 proelio
2083 494 2223 548 effu·

512 583 716 647 gerant,
766 596 902 647 quos
948 578 1143 643 Caesar,
1198 580 1263 629 ut
1309 575 1613 641 nonnullos,
1664 575 1884 631 fortasse
1936 586 2220 645 servasset,

512 664 873 719 crudelissime
914 669 1227 733 persecutus
1271 661 1581 717 trucidatas.
1649 663 1861 733 Quibus
1899 666 2060 720 rebus
2098 674 2220 722 tan·
2285 722 2286 727 ,

510 752 581 805 tis
603 750 805 805 talibus
843 751 1021 818 gestis,
1053 749 1187 818 quid
1214 748 1323 802 fuit
1362 765 1551 813 causae,
1589 766 1687 802 cur
1717 749 1776 803 in
1812 750 2055 806 Africam
2095 752 2217 805 Cae-
2269 738 2287 831 J

511 856 683 893 sarem
713 854 823 891 non
860 854 1162 905 sequerere,
1194 853 1368 909 quum
1403 836 1696 903 praesertim
1732 837 1861 890 belli
1898 854 2022 906 pars
2053 842 2217 892 tanta
2265 841 2287 898 Ἴ

509 924 773 980 restaret?
846 925 1041 993 Itaque
1088 941 1253 993 quem
1306 923 1486 977 locum
1533 923 1678 992 apud
1712 925 1892 992 ipsum
1940 924 2213 979 Caesarem

510 1016 631 1080 post
672 1011 793 1079 ejus
837 1027 911 1063 ex
947 1009 1131 1063 Africa
1177 1009 1413 1063 reditum
1460 1008 1778 1065 obtinuisti?
1827 1027 1937 1078 quo
1976 1027 2212 1065 numero
2285 1050 2286 1063 ,

507 1095 698 1152 fuisti?
771 1096 947 1167 Cujus
981 1103 1046 1150 tu
1077 1097 1415 1174 imperatoris
1446 1101 1679 1166 quaestor
1707 1084 1901 1162 fueras,
1934 1096 2214 1151 dictatoris

509 1183 763 1252 magister
807 1182 1075 1250 equitum,
1128 1181 1259 1235 belli
1308 1182 1574 1250 princeps,
1621 1182 1953 1237 crudelitatis
1999 1188 2212 1248 auctor,
2285 1216 2288 1247 ι

508 1267 698 1337 praedae
726 1268 915 1333 socius,
945 1273 1284 1333 testamento,
1316 1272 1382 1321 ut
1421 1267 1631 1320 dicebas
1666 1267 1797 1335 ipse,
1820 1267 1982 1333 filius,
2021 1267 2213 1335 appel·
2285 1256 2286 1267 ³

508 1354 650 1408 latus
690 1370 747 1406 es
785 1351 849 1405 de
889 1345 1153 1421 pecunia,'
1176 1370 1342 1420 quam
1383 1369 1482 1421 pro
1522 1352 1699 1417 domn,
1739 1369 1837 1421 pro
1873 1352 2059 1418 hortis,
2098 1371 2205 1422 pro

507 1441 738 1495 sectione
763 1439 1004 1493 debebas.
1061 1442 1148 1498 72.
1189 1440 1371 1493 Primo
1393 1439 1713 1508 respondisti
1735 1439 1893 1507 plane
1921 1439 2170 1493 ferociter
2190 1459 2207 1493 ε

507 1536 579 1594 et,
623 1546 692 1582 ne
732 1529 914 1582 omnia
952 1526 1136 1580 videar
1172 1533 1358 1582 contra
1393 1532 1467 1593 te,
1489 1520 1504 1531 '
1522 1526 1910 1595 propemodum
1947 1543 2103 1596 aequa
2148 1532 2210 1580 et

502 1617 653 1685 justa
688 1615 912 1668 dicebas.
981 1612 1032 1666 A
1075 1630 1163 1666 me
1205 1615 1266 1666 C.
1301 1613 1477 1666 Coesar
1516 1611 1840 1682 pecuniam?
1877 1629 1975 1666 cur
2003 1612 2210 1681 potius»,

507 1720 674 1773 quam
716 1720 812 1771 ego
849 1702 917 1755 ab
953 1699 1086 1754 illo?
1133 1718 1204 1753 an
1244 1701 1357 1753 sine
1388 1718 1478 1754 me
1510 1700 1602 1755 ille
1649 1698 1814 1753 vicit?
1880 1701 1956 1753 At
1991 1716 2059 1752 ne
2106 1716 2207 1767 po-

505 1791 613 1844 tuit
647 1788 883 1858 quidem.
953 1786 1071 1855 Ego
1103 1786 1172 1839 ad
1198 1786 1358 1839 illum
1395 1786 1525 1841 belli
1560 1787 1734 1842 civilis
1764 1804 1980 1841 causam
2001 1785 2204 1852 attuli3

504 1893 602 1944 ego
642 1875 787 1943 leges
816 1872 1136 1941 perniciosas
1164 1873 1381 1941 rogavi3
1418 1891 1517 1943 ego
1554 1890 1706 1927 arma
1735 1878 1921 1927 contra
1957 1872 2205 1926 consules

503 1964 958 2031 imperatoresque
999 1956 1187 2027 populi
1223 1957 1466 2023 Romani,
1514 1964 1699 2013 contra
1741 1964 1988 2012 senatum
2024 1975 2201 2027 popu-

503 2051 728 2118 lumque
753 2048 1080 2110 Romanum,
1104 2052 1291 2099 contra
1313 2045 1437 2100 deos
1458 2048 1674 2115 patrios,
1709 2064 1934 2115 arasque
1956 2050 2012 2099 et
2033 2044 2199 2112 focos,
2263 2069 2285 2080 Α

503 2140 690 2189 contra
730 2134 961 2203 patriam
1002 2132 1124 2186 tuli.
1200 2130 1354 2184 Num
1406 2132 1509 2185 sibi
1554 2133 1654 2185 soli
1705 2130 1873 2208 vicit-‘3
1943 2130 2199 2199 Quorum
2279 2125 2284 2138 “

500 2224 708 2278 facinus
743 2226 824 2275 est
863 2236 1169 2280 commune,
1210 2236 1307 2272 cur
1343 2237 1454 2273 non
1485 2220 1557 2273 sit
1603 2236 1789 2274 eorum
1827 2219 2007 2288 praeda
2051 2235 2202 2271 com-

501 2307 722 2363 munis?
792 2307 897 2359 Jus
930 2305 1272 2375 postulabas:
1309 2306 1401 2359 sed
1433 2306 1565 2375 quid
1602 2305 1670 2359 ad
1707 2303 1864 2358 remi
1938 2302 2068 2355 Plus
2101 2302 2199 2356 ille

501 2402 725 2466 poterat.
798 2394 884 2454 73.
921 2394 1133 2461 Itaque,
1159 2393 1398 2446 excussis
1421 2392 1531 2447 tuis
1553 2392 1791 2455 vocibus,
1832 2399 1889 2444 et
1923 2389 1992 2443 ad
2028 2395 2103 2454 te,
2139 2395 2198 2443 et

499 2483 567 2537 ad
591 2482 788 2553 praedes
804 2487 927 2536 tuos
939 2481 1141 2534 milites
1164 2481 1342 2534 misit:
1369 2498 1542 2548 quum
1565 2485 1783 2548 repente
1806 2496 1840 2532 a
1858 2485 1912 2533 te
1936 2477 2197 2547 praeclara

499 2570 593 2624 illa
609 2568 794 2624 tabula
809 2569 1032 2637 prolata.
1078 2569 1192 2638 Qui
1217 2563 1359 2621 risus
1383 2565 1700 2621 hominum!
1736 2571 1943 2620 tantam
1973 2582 2084 2619 esse
2110 2570 2192 2619 ta-

500 2656 702 2720 bulam,
749 2660 862 2708 tam
887 2655 1076 2720 varias
1111 2660 1241 2707 tam·
1263 2654 1464 2708 multas
1487 2651 1850 2722 possessiones,
1875 2669 1949 2704 ex
1971 2650 2190 2719 quibus,

499 2746 692 2811 praeter
723 2746 932 2809 partem
974 2740 1187 2805 Miseni,
1227 2739 1366 2793 nihil
1396 2745 1528 2805 erat,
1567 2738 1711 2807 quod
1746 2739 1808 2804 is,
1847 2736 1943 2806 qui
1983 2737 2190 2790 auctio-

498 2837 735 2892 naretur,
771 2833 949 2896 posset
988 2844 1151 2880 suum
1204 2828 1393 2881 dicere.
1464 2826 1745 2881 Auctionis
1789 2842 1917 2878 vero
1967 2825 2189 2877 misera-

496 2915 619 2968 bilis
658 2913 970 2982 adspectus:
1009 2913 1172 2966 vestis
1211 2912 1455 2982 Pompeii
1485 2930 1593 2966 non
1634 2910 1828 2976 multa,
1858 2926 2029 2977 eaque
2070 2926 2187 2962 ma-

490 3001 709 3065 culosa;
743 2998 986 3067 ejusdem
1025 2998 1270 3068 quaedam
1309 3005 1561 3067 argentea
1594 3014 1721 3051 vasa
1757 2996 1940 3050 collisa
1953 3013 1971 3061 ;
2019 2994 2187 3048 sordi-

493 3087 618 3141 data
664 3086 961 3155 mancipia:
1015 3092 1081 3141 ut
1131 3086 1435 3139 doleremus
1471 3083 1767 3154 quidquam
1815 3099 1927 3136 esse
1967 3099 2039 3135 ex
2076 3081 2186 3134 illis

491 3173 746 3240 reliquiis,
785 3172 930 3240 quod
964 3173 1143 3227 videre
1176 3189 1465 3240 possemus.
1534 3173 1617 3229 74.
1658 3170 1812 3224 Hanc
1851 3174 2035 3222 tamen
2057 3185 2186 3221 auc-

490 3258 693 3312 tionem
739 3256 962 3310 heredes
1018 3256 1082 3310 L.
1118 3256 1311 3309 Rubrii
1362 3256 1573 3310 decreto
1624 3255 1846 3308 Caesaris
1888 3252 2180 3322 prohibue-

490 3350 633 3399 runt.
706 3342 962 3398 Haerebat
998 3343 1226 3397 nebulo:
1266 3360 1374 3411 quo
1411 3361 1468 3397 se
1506 3348 1754 3408 verteret,
1795 3358 1905 3394 non
1935 3339 2183 3393 habebat.

455 3433 637 3501 Quin
674 3431 761 3484 his
800 3431 929 3499 ipsis
966 3430 1302 3499 temporibus
1341 3430 1487 3483 domi
1528 3430 1748 3485 Caesaris
1786 3444 2078 3498 percussor,
2112 3404 2242 3480 ab

484 3520 586 3573 isto
628 3518 840 3580 missus,
872 3516 1234 3585 deprehensus
1273 3516 1550 3574 dicebatur
1587 3535 1698 3572 me
1744 3533 1869 3571 cum
1907 3515 2027 3569 sica.
2100 3514 2186 3569 De

2234 3069 2283 3254 Ἴ
