2307 3907
375 350 658 416 oRA'rlo
706 351 1129 401 PHILIPPICA
1178 316 1528 402 ssscuNDA.
1737 356 1795 402 21

80 493 240 559 cede,
278 511 377 562 per
405 492 618 562 tegulas
649 493 1035 557 demitterere„
1081 490 1217 562 Quae
1249 493 1455 563 flagitia
1486 494 1678 548 domus
1708 494 1806 548 illa

77 578 303 632 diutius
334 578 472 632 ferre
504 595 613 631 non
648 578 844 646 potuit.
918 578 1111 644 Scisne,
1137 596 1227 631 me
1251 578 1316 632 de
1352 579 1514 632 rebus
1537 579 1676 633 mihi
1705 598 1801 634 no·

81 666 318 719 tissimis
352 664 564 733 dicere?
637 664 940 719 Recordare
982 671 1201 734 tempus
1239 666 1397 730 illud,
1433 684 1607 736 quum
1646 673 1802 734 pater

83 751 269 804 Curio
304 769 528 805 maerens
559 752 772 821 jacebat
805 752 864 804 in
896 751 1070 817 lecto;
1100 752 1253 804 'filius
1287 770 1342 805 se
1366 751 1433 805 ad
1462 753 1624 821 pedes
1653 770 1801 806 meos

25 828 454 906 &promel-neue,
487 837 792 901 lacrimanS,
831 843 885 890 te
926 837 1064 889 mihi
1108 838 1553 904 commendabat3
1594 840 1797 905 orabat,

86 928 159 974 ut
193 927 250 975 te
286 928 470 976 contra
505 940 666 976 suum
702 930 929 991 patrem,
965 923 1011 976 si
1040 924 1347 977 sestertium
1380 924 1623 992 sexagies
1652 929 1801 993 pete·

89 1013 201 1074 ret,
236 1008 574 1063 defenderem
600 1027 615 1063 ε
658 1017 874 1064 tantum
908 1009 1057 1062 enim
1102 1027 1158 1062 se
1200 1026 1297 1077 pro
1335 1019 1390 1062 te
1427 1010 1800 1064 intercessisse.

92 1095 225 1163 Ipse
260 1106 442 1149 autem
473 1114 654 1150 amore
687 1097 879 1150 ardens
913 1097 1280 1164 confirmabat,
1305 1096 1448 1166 quod
1473 1097 1797 1150 desiderium

91 1182 186 1235 tui
233 1182 438 1235 discidii
478 1182 618 1237 ferre
667 1193 777 1238 non
826 1189 1017 1253 posset,
1067 1203 1122 1238 se
1174 1185 1230 1237 in
1273 1185 1530 1237 exsilium
1570 1185 1797 1238 iturum.

94 1269 188 1319 46.
223 1266 349 1334 Quo
371 1273 612 1335 tempore
637 1286 734 1337 ego
759 1274 963 1337 quauta
994 1268 1141 1322 mala
1169 1269 1557 1323 florentissimae
1582 1269 1798 1323 familiae

97 1352 304 1424 sedavi,
342 1352 428 1406 vel
462 1355 642 1422 potius
675 1354 903 1409 sustuli!
976 1355 1129 1408 Patri
1169 1356 1426 1425 persuasi,
1461 1364 1525 1409 ιιι
1562 1375 1630 1410 aes
1670 1356 1801 1410 alie-

96 1455 239 1490 num
273 1438 373 1492 filii
408 1438 755 1506 dissolveret5
787 1440 1084 1494 ‘redimeret
1130 1440 1539 1508 adolescentem,
1583 1460 1797 1495 summa

94 1541 195 1592 spe
231 1530 285 1576 et
318 1524 488 1576 animi
522 1530 576 1577 et
609 1525 813 1593 ingenii
856 1525 1161 1593 praeditum,
1198 1527 1275 1578 rei
1316 1526 1597 1580 familiaris
1631 1527 1799 1580 facul-

99 1612 337 1675 tatibus;
393 1629 628 1678 eumque
678 1629 711 1664 a
760 1617 855 1664 tua
902 1629 1011 1664 non
1053 1612 1215 1665 modo
1269 1612 1656 1679 familiaritate,
1706 1615 1797 1668 sed

100 1698 272 1751 ctiam
308 1697 693 1766 congressione,
728 1697 902 1764 patrio
933 1697 1058 1765 jure
1090 1705 1145 1750 et
1180 1703 1441 1765 potestate
1475 1698 1799 1766 prohiberet.

110 1783 243 1836 Haec
267 1791 345 1849 tu,
370 1800 544 1851 quum
579 1801 678 1850 per
709 1800 798 1836 me
832 1788 951 1837 acta
983 1783 1351 1837 meminisses:
1388 1785 1493 1845 nisi
1516 1784 1639 1849 illis,
1666 1803 1801 1853 quos

107 1870 370 1934 videmus,
421 1869 611 1938 gladiis
659 1870 966 1936 confideres,
1015 1870 1316 1924 maledictis
1366 1889 1454 1926 me
1512 1889 1798 1940 provocare

105 1975 269 2011 ausus
301 1957 478 2012 esses?

25 2041 62 2134 ³
206 2044 363 2098 XIX.
414 2047 498 2102 47.
569 2043 671 2097 Sed
714 2045 831 2113 jam
879 2051 1066 2112 stupra
1100 2051 1156 2098 et
1189 2046 1397 2115 flagitia
1436 2046 1791 2100 omittamus:

26 2149 29 2158 ·
105 2135 236 2184 sunt
270 2131 532 2199 quaedam,
557 2149 676 2199 quae
711 2130 933 2185 honeste
967 2149 1077 2184 non
1112 2150 1333 2201 possum
1368 2133 1579 2187 dicere:
1617 2140 1679 2186 tu
1703 2152 1800 2187 au-

103 2221 221 2269 tem
256 2233 318 2269 eo
352 2216 584 2282 liberior,
620 2216 766 2284 quod
801 2234 864 2269 ea
912 2218 968 2270 in
1014 2222 1069 2271 te
1117 2218 1393 2283 admisisti,
1432 2236 1551 2287 quae
1587 2237 1620 2272 a
1654 2236 1803 2272 vere-

108 2301 284 2354 cundo
333 2302 553 2355 inimico
603 2302 788 2355 audire
829 2320 937 2356 non
972 2321 1164 2372 posses·
1235 2303 1334 2356 Sed
1371 2303 1643 2374 reliquum
1680 2305 1802 2358 vitae

107 2404 331 2439 cursum
381 2387 588 2442 videte:
651 2406 816 2456 quem
867 2389 1088 2457 quidem
1137 2386 1383 2442 celeriter
1430 2390 1802 2458 perstringam.

112 2472 198 2526 Ad
234 2473 346 2528 haec
383 2477 546 2542 enim,
569 2495 688 2545 quae
724 2478 781 2529 in
816 2476 963 2529 civili
998 2476 1159 2540 bello,
1185 2477 1242 2528 in
1276 2476 1532 2528 maximis
1566 2477 1643 2528 rei
1668 2476 1806 2544 pub-

109 2561 228 2614 licae
263 2561 490 2615 miseriis
523 2562 666 2627 fecit,
692 2568 747 2615 et
781 2561 849 2615 ad
882 2579 960 2625 ea,
989 2579 1107 2629 quae
1139 2560 1382 2629 quotidie
1416 2559 1563 2625 facit,
1590 2559 1805 2613 festinat

26 2639 31 2778 s
109 2647 340 2699 animus,
410 2648 547 2715 Quoe
583 2653 727 2716 peto,
769 2653 851 2711 ut,
888 2663 1223 2715 quamquam
1261 2645 1437 2699 multo
1472 2645 1681 2698 notiora
1712 2662 1804 2697 vo-

26 2789 27 2798 *
112 2733 209 2798 bis,
235 2750 401 2801 quam
435 2732 573 2785 mihi
607 2738 750 2796 sunt,
787 2739 986 2795 tamen,
1012 2738 1076 2784 ut
1097 2731 1289 2795 facitis,
1314 2737 1520 2784 attente
1555 2731 1807 2784 audiatis,

26 2829 27 2836 ’
113 2818 288 2872 Debet
323 2820 470 2872 enim
504 2819 704 2873 talibus
739 2820 796 2872 in
829 2819 991 2872 rebus
1025 2818 1263 2883 excitare
1304 2818 1511 2871 animos
1544 2834 1653 2869 non
1687 2833 1808 2885 cog-

111 2906 245 2959 nitio
303 2906 478 2959 solum
531 2923 734 2971 rerum,
791 2906 883 2959 sed
940 2906 1105 2959 etiam
1157 2904 1470 2958 recordatio.
1564 2902 1807 2957 Tametsi

54 3061 59 3070 1
113 2992 412 3047 incidamus
458 2997 669 3062 oportet
707 2992 900 3059 media,
949 3009 1018 3045 ne
1059 2992 1223 3045 nimis
1274 3007 1389 3044 sero
1441 2989 1508 3043 ad
1558 2995 1805 3043 extrema

33 3073 41 3094 ’
118 3080 411 3133 veniamus.

213 3170 298 3220 48.
339 3166 575 3220 Intimus
613 3170 727 3219 erat
764 3165 824 3218 in
862 3164 1144 3218 tribunatu
1176 3161 1382 3227 Clodi0‚
1424 3160 1519 3232 qui
1550 3178 1647 3214 sua
1681 3178 1808 3230 erga

111 3271 199 3306 me
239 3252 496 3305 beneficia
529 3255 953 3316 commemorat3
989 3251 1109 3319 ejus
1149 3249 1395 3303 omnium
1438 3249 1805 3302 incendiorum

113 3339 242 3394 fax:
290 3340 450 3407 cujus
478 3340 641 3392 etiam
679 3337 825 3392 domi
857 3338 974 3407 jam
1010 3344 1131 3390 tum
1166 3335 1424 3404 quiddam
1459 3335 1680 3388 molitus
1710 3341 1807 3388 est.

116 3425 262 3495 Quid
294 3426 487 3491 dicam,
522 3426 636 3494 ipse
677 3425 880 3493 optime
917 3423 1190 3492 intelligit.
1263 3423 1395 3475 Inde
1430 3422 1535 3475 iter
1568 3421 1809 3475 Alexan-

26 3559 27 3562 ,
115 3511 287 3565 driam
310 3517 497 3565 contra
519 3516 734 3565 senatus
761 3511 1156 3576 auctoritatem,
1186 3515 1372 3562 contra
1393 3525 1509 3562 rem
1533 3507 1805 3577 publicam

29 3611 55 3775 f
270 3721 282 3730 ,
2085 3711 2128 3744 2
