2307 3907
21 87 265 247 ,Ἀ
1459 86 1880 237 ..Η

349 357 629 407 ORATIO
661 358 1084 408 PHILIPPICA
1120 346 1469 408 SECUNDA.
1696 361 1759 414 37

38 483 287 553 tanffim
309 504 364 553 te
388 499 585 567 cepisse
603 499 787 552 odium
811 501 962 569 regni
979 500 1277 566 videbatur,
1296 505 1361 554 ut
1383 500 1500 569 ejus
1523 516 1757 557 omnem.

38 589 289 653 propter
305 586 620 654 proximum
637 584 970 651 dictat-orem,
988 585 1202 640 tolleres
1218 593 1443 638 metum.
1501 587 1584 638 92.
1619 584 1759 638 Con-

42 672 260 724 stituta
280 688 366 724 res
396 670 612 739 publica
635 670 919 725 videbatur
939 669 1075 733 aliis,
1100 669 1238 723 mihi
1259 687 1383 723 vero
1407 669 1558 722 nullo
1580 668 1756 734 modo,

46 756 159 824 qui
191 757 398 822 omnia,
430 761 483 809 te
514 756 862 824 gubernante,
890 755 1170 825 naufragia
1205 754 1527 808 metuebam.
1602 753 1757 807 Num

14 844 149 901 ,ἤιε
182 841 360 910 igitur
399 840 629 895 fefellit?
664 849 760 895 aut
789 858 924 894 num
956 841 1161 894 diutius
1191 841 1275 894 sui
1305 841 1484 909 potuit
1513 857 1624 893 esse
1655 839 1758 892 dis-

54 926 299 981 similis?
398 927 824 996 Inspectantibus
871 928 1036 993 vobis,
1084 932 1197 982 toto
1244 927 1509 997 Capitolio
1562 927 1758 981 tabulae

49 1013 404 1081 figebantur3
441 1031 615 1082 neque
638 1013 813 1066 solum
836 1013 1059 1082 singulis
1082 1012 1337 1066 venibant
1369 1012 1753 1077 immunitateS,

55 1100 154 1152 sed
179 1101 348 1153 etiam
372 1100 586 1169 populis
607 1100 904 1167 universis3
937 1101 1122 1154 civitas
1145 1117 1256 1154 non
1281 1101 1398 1170 jam
1426 1100 1756 1170 singillatim,

50 1187 149 1239 sed
173 1187 465 1255 provinciis
486 1186 614 1241 totis
636 1186 877 1240 dabatur.
951 1188 1145 1256 Itaque
1169 1189 1214 1241 si
1236 1186 1350 1241 haec
1372 1194 1608 1254 manent,
1634 1206 1753 1257 quae

58 1278 244 1327 stante
279 1291 338 1327 re
372 1274 588 1343 publica
625 1292 841 1328 manere
875 1292 985 1329 non
1017 1282 1258 1344 possunt,
1294 1275 1592 1344 provincias
1638 1278 1758 1330 uni-

58 1377 257 1425 versae,
303 1360 489 1414 Patres
534 1361 834 1429 conscripti,
879 1361 1215 1430 perdidistis;
1264 1378 1439 1429 neque
1471 1362 1754 1431 vectigalia

60 1444 259 1511 solum,
277 1444 370 1498 sed
387 1445 550 1498 etiam
574 1446 864 1514 imperium
888 1446 1074 1515 populi
1100 1447 1347 1511 Romani,
1365 1445 1533 1515 hujus
1551 1447 1756 1501 domes-

62 1529 182 1582 ticis
207 1529 463 1584 nundinis
486 1528 826 1583 deminutum
851 1538 944 1584 est.

164 1615 464 1669 XXXVII.
497 1617 581 1669 93.
613 1616 719 1670 Ubi
736 1623 817 1671 est
839 1619 1030 1686 septies
1054 1617 1266 1684 millies,
1284 1618 1431 1687 quod
1453 1618 1511 1671 in
1534 1619 1748 1684 tabulis,

67 1719 187 1769 quae
215 1700 427 1754 suntad
453 1699 602 1769 Opis,
623 1700 877 1770 patebat?
913 1702 1137 1755 funestae
1167 1701 1314 1755 illius
1344 1702 1563 1772 quidem
1594 1723 1754 1774 pecu-

62 1789 180 1852 niae,
206 1787 297 1841 sed
329 1793 527 1852 tamen,
553 1805 671 1856 quae
702 1805 816 1853 noS,
839 1789 884 1842 si
916 1789 998 1854 iis,
1021 1805 1256 1871 quorum
1279 1795 1409 1849 crat,
1434 1806 1544 1844 non
1567 1793 1749 1846 redde-

62 1882 228 1940 retur,
263 1892 296 1928 a
327 1875 544 1929 tributis
578 1882 752 1943 posset
786 1875 1069 1930 vindicare.
1141 1876 1231 1929 Tu
1266 1883 1450 1931 autem
1498 1879 1749 1947 quadrin-

60 1963 262 2031 genties
288 1962 433 2029 H.S.,
457 1963 601 2031 quod
627 1964 812 2017 Idibus
837 1964 1049 2018 Martiis
1071 1964 1319 2030 debuisti,
1339 1983 1573 2035 quonam
1590 1968 1748 2021 modo

15 2043 183 2138 ’ante
208 2048 480 2102 Kalendas
501 2049 715 2117 Apriles
746 2049 938 2102 debere
974 2047 1192 2104 desisti?
1264 2050 1401 2104 Sunt
1430 2068 1493 2104 ea
1527 2049 1746 2119 quidem

61 2134 486 2202 innumerabilia,
520 2154 640 2205 quae
668 2154 701 2190 a
730 2136 951 2190 diversis
978 2136 1311 2201 emebantur,
1348 2153 1457 2189 non
1490 2137 1745 2192 insciente

63 2228 146 2274 te:
179 2222 268 2274 sed
288 2239 460 2275 unum
485 2224 762 2292 egregium
784 2224 850 2277 de
874 2241 996 2293 rege
1015 2223 1287 2289 Deiotar0,
1304 2224 1491 2292 populi
1516 2224 1745 2279 Romani

70 2308 404 2373 amicissimo,
429 2308 703 2363 decretum
733 2310 792 2362 in
823 2308 1087 2378 Capitolio
1118 2310 1312 2365 fixum.
1390 2310 1516 2379 Quo
1556 2330 1747 2382 propo-

66 2394 159 2448 sito
182 2412 341 2449 nemo
367 2402 499 2460 erat,
525 2396 619 2465 qui
642 2396 840 2466 inipso
864 2395 1041 2450 dolore
1067 2397 1238 2451 risum
1262 2404 1435 2466 posset
1458 2398 1742 2454 continere.

65 2481 142 2533 94.
176 2480 313 2548 Quis
326 2481 471 2534 enim
489 2482 744 2550 cuiquam
762 2482 1043 2548 inimicior,
1061 2498 1227 2549 quam
1251 2482 1503 2536 Deiotaro
1529 2482 1743 2539 CaesarZ

18 2633 19 2640 ἵ
66 2581 206 2633 aeque
228 2572 391 2635 atque
414 2566 542 2620 huic
565 2567 755 2632 ordini,
778 2571 843 2620 ut
867 2567 1116 2634 equestri,
1134 2573 1197 2620 ut
1225 2566 1661 2633 MassiliensibuS,
1681 2576 1744 2624 ut

66 2650 319 2716 omnibus,
354 2650 552 2719 quibus
583 2668 700 2704 rem
734 2651 1008 2722 publicam
1047 2651 1238 2719 populi
1286 2650 1516 2706 Romani
1562 2672 1739 2708 caram

64 2750 167 2788 esse
189 2736 462 2790 sentiebat.
522 2736 623 2790 Sed
640 2733 890 2809 [igitur],
909 2754 941 2791 a
964 2754 1072 2805 quo
1096 2738 1237 2803 vivo,
1254 2755 1351 2791 nec
1374 2754 1625 2808 praesens,
1642 2759 1740 2795 nec

18 2843 21 2904 'v
66 2821 240 2877 absens
271 2824 568 2893 quidquam
599 2826 739 2893 aequi
769 2824 895 2878 boni
924 2825 1252 2894 impetravit,
1285 2826 1429 2895 apud
1460 2835 1739 2882 mortuum

69 2909 228 2965 faetus
272 2917 352 2967 est
395 2913 674 2981 gratiosae.
767 2912 1135 2981 Compellarat
1179 2913 1448 2981 hospitem
1494 2932 1738 2983 praesens,

20 3001 406 3090 &computarat
453 2996 738 3064 pecuniam
783 2997 1087 3065 imperarat,
1133 2998 1192 3050 in
1237 2998 1356 3066 ejus
1395 2999 1739 3054 tetrarchiam

20 3061 229 3168 [sunum
262 3099 334 3133 ex
367 3080 571 3135 Graeeis
604 3081 890 3134 comitibus
932 3082 1044 3136 suis
1088 3082 1387 3150 collocarat,
1423 3082 1736 3137 Armeniam

24 3187 29 3192 ’
60 3141 345 3222 ἴδειιιΙθται
375 3186 409 3221 a
440 3174 628 3222 senatu
659 3168 857 3223 datam.
933 3168 1066 3222 Haec
1102 3169 1260 3223 vivus
1290 3170 1518 3239 eripuit:
1563 3170 1740 3226 reddit

74 3259 320 3308 mortuus.
398 3256 482 3308 95.
530 3254 607 3309 At
639 3254 838 3324 quibus
869 3253 1084 3310 verbis?
1132 3253 1292 3309 modo
1328 3258 1365 3284 “
1379 3274 1594 3324 aequum
1640 3258 1742 3311 sibi

74 3338 273 3406 videri,”
313 3339 472 3408 modo
512 3342 670 3393 “non
708 3337 1008 3409 iniquum.”
1087 3339 1232 3393 Mira
1271 3340 1557 3394 verborum
1598 3359 1741 3395 com-

74 3424 267 3492 plexio!
337 3426 413 3481 At
445 3427 538 3482 ille
570 3429 852 3497 nunquam
890 3424 1128 3496 (semper
1160 3428 1306 3481 enim
1341 3428 1548 3482 absenti
1593 3431 1745 3485 adfui

77 3511 337 3585 Deiotaro)
364 3513 654 3583 quicquam
677 3515 796 3581 sibi,
816 3513 959 3584 quod
976 3531 1073 3569 nos
1094 3531 1194 3583 pro
1215 3512 1311 3568 illo
1332 3515 1744 3583 postularemus,

26 3609 52 3779 f
1285 3782 1296 3792 ,
2125 3747 2174 3770 s
