2307 3907
0 89 86 252 Ι
246 110 253 117 a
1064 126 1071 137 ⁶
1199 120 1210 129 ὁ
1283 126 1296 250 Ι
1857 118 2246 248 ΙΙΙ-

353 347 632 399 ORATIO
681 348 1102 398 PHILIPPICA
1150 349 1499 399 SECUNDA.
1710 352 1772 396 25
2291 352 2298 583 μ

68 490 238 546 fuisse
275 492 340 545 de
377 491 494 545 8188
522 491 642 560 lege
680 490 986 560 judicium3
1023 489 1077 543 vi
1114 507 1447 559 oppressum,
1484 495 1540 545 ct
1572 491 1771 556 armis,-

1 607 4 626 ;
66 583 363 645 postremo,
406 577 551 645 quod
595 573 660 629 de
707 582 910 644 patruo·
939 582 1035 629 tuo
1077 576 1371 641 dicebatur,
1425 578 1653 644 pecunia
1681 577 1773 645 ju·
2291 592 2298 621 ι

1 689 6 710 τ
68 664 278 718 dicium
316 682 428 718 esse
463 669 794 732 corruptum.
863 662 1021 716 Nihil
1057 663 1421 716 horum—At
1458 663 1544 715 vir
1580 662 1769 727 bonus,

0 726 11 814 l
66 757 126 804 et
168 768 229 804 re
268 751 483 820 publica
525 750 960 820 dignus—Nihil
1001 750 1055 803 id
1097 749 1316 819 quidem
1367 749 1434 803 ad
1476 766 1621 803 rem:
1673 767 1771 819 ego

1 826 58 907 S
68 843 276 900 tamen,
320 838 574 905 quoniam
616 836 1030 890 condemnatum
1076 852 1205 899 esse,
1248 853 1345 904 pro
1385 835 1556 889 nihilo
1595 840 1691 901 est,
1726 836 1772 888 si

0 931 9 1036 f
71 921 155 973 ita
176 927 329 987 esset,
353 922 695 989 ignoscerem.
771 920 1063 973 Hominem
1088 922 1334 974 omnium
1359 922 1769 990 nequissimum,

1 1045 2 1054 ,
72 1007 173 1074 qui
214 1024 323 1060 non
369 1006 639 1060 dubitaret
684 1005 768 1058 vel
809 1007 868 1058 in
905 1005 1019 1058 foro
1065 1005 1184 1058 alea
1220 1005 1424 1071 ludere,
1462 1006 1598 1076 lege,
1651 1023 1770 1075 quae

1 1067 4 1164 l
71 1099 159 1146 est
205 1092 269 1146 dc
305 1093 437 1157 alea,
477 1093 908 1159 condemnatum,
958 1095 1052 1162 qui
1098 1095 1158 1146 in
1195 1094 1467 1162 integrum
1517 1095 1769 1160 restituit,
1813 1101 1820 1108 “

1 1195 2 1198 ’
71 1180 122 1232 is
159 1196 269 1232 non
304 1181 634 1249 apertissime
673 1181 914 1234 studium
956 1198 1114 1234 suum
1141 1182 1255 1249 ipsc
1293 1179 1615 1250 profitetur?
1684 1180 1770 1240 57.

1 1251 2 1262 ’
78 1265 149 1317 In
187 1264 373 1318 eodem
412 1284 536 1319 vero
574 1267 872 1331 tribunatu,
920 1285 1090 1333 quum
1133 1267 1312 1320 Caesar
1348 1267 1405 1320 in
1452 1267 1769 1335 Hispaniam

74 1352 414 1419 proficiscens
446 1351 574 1405 huic
599 1352 1012 1405 conculcandam
1049 1352 1264 1406 ltaliam
1289 1352 1591 1405 tradidisset
1609 1369 1771 1420 aqua²

1 1447 4 1524 j
71 1437 186 1491 fuit
224 1438 343 1506 ejus
377 1439 676 1506 peragratio
714 1438 1003 1493 itinerum!
1041 1438 1298 1493 lustratio
1313 1438 1768 1507 municipiorum!

1 1527 4 1654 †
75 1524 195 1577 Scio
233 1541 320 1576 me
363 1525 420 1578 in
460 1525 619 1577 rebus
656 1524 1080 1577 celebratissimis
1110 1525 1358 1577 omnium
1383 1541 1625 1577 sermone
1650 1542 1771 1577 ver-

1 1669 2 1678 *
71 1612 199 1677 sari,
238 1628 424 1680 eaque,
467 1630 586 1680 quae
624 1612 739 1665 dico
782 1612 1128 1679 dicturusque
1169 1628 1306 1670 sum,
1351 1611 1560 1664 notiora
1597 1612 1769 1664 omni-

1 1711 2 1718 *
72 1699 176 1751 bus
214 1716 341 1762 esse,
389 1699 486 1767 qui
521 1699 578 1751 in
620 1698 780 1751 Italia
824 1704 945 1751 tum
982 1697 1223 1763 fuerunt,
1272 1715 1437 1765 quam
1479 1697 1633 1762 mihi,
1671 1700 1767 1766 qui

71 1801 184 1837 non
219 1782 316 1835 fui.
388 1782 600 1836 Notabo
637 1788 819 1835 tamen
852 1782 1090 1850 singulas
1125 1800 1238 1835 res:
1283 1782 1382 1836 etsi
1420 1783 1571 1836 nullo
1608 1784 1769 1837 modo

71 1870 271 1937 poterit
307 1869 476 1922 oratio
513 1885 634 1922 mea
669 1869 967 1921 satisfacere
1004 1874 1192 1921 vestroe
1230 1868 1497 1921 scientim*
1548 1868 1765 1922 Etenim

74 1955 218 2025 quod
259 1972 502 2023 unquam
538 1955 597 2007 in
623 1955 778 2007 terris
802 1961 1016 2008 tantum
1039 1955 1305 2024 flagitium
1331 1955 1598 2008 exstitisse
1620 1956 1767 2009 audi-

0 2040 34 2137 ,
70 2048 195 2096 tum
230 2041 347 2096 est?
384 2048 589 2096 tantam
626 2041 1056 2110 turpitudinem?
1092 2048 1307 2096 tantum
1341 2041 1614 2096 dedecus?

180 2127 386 2181 XXIV.
445 2132 528 2181 58.
564 2127 874 2181 Vehebatur
919 2129 977 2181 in
1031 2129 1212 2182 essedo
1262 2129 1513 2183 tribunus
1558 2129 1765 2197 plebis3

70 2216 286 2270 lictores
322 2216 549 2280 laureati
595 2216 1010 2279 antecedebant;
1059 2216 1203 2268 inter
1242 2233 1393 2283 quos,
1441 2223 1623 2283 aperta
1662 2215 1767 2269 lec-

69 2304 193 2368 tica,
239 2303 408 2355 mima
458 2301 803 2371 portabatur3
840 2317 1003 2368 quam
1043 2319 1115 2353 ex
1163 2299 1370 2369 oppidis
1417 2300 1767 2367 municipales

69 2389 319 2443 homines
363 2388 590 2452 honesti,
644 2389 857 2441 obviam
907 2389 1197 2441 necessario
1255 2388 1595 2457 prodeuntes,
1657 2405 1765 2440 non

69 2481 199 2528 noto
240 2474 334 2528 illo
372 2481 427 2528 et
466 2474 683 2527 mimico
723 2475 958 2539 nomine,
997 2473 1089 2526 sed
1138 2472 1489 2527 Volumniam
1525 2473 1768 2526 consalu-

70 2561 273 2613 tabant.
351 2560 684 2628 Sequebatur
719 2559 886 2613 rheda
925 2577 1051 2613 cum
1089 2559 1387 2626 lenonibus,
1426 2561 1644 2613 comites
1675 2577 1768 2613 nc-

72 2645 337 2713 quissimi,
380 2647 581 2715 rejecta
618 2653 792 2700 mater
831 2646 1058 2699 amicam
1093 2646 1297 2714 impuri
1333 2636 1449 2712 filii,
1485 2651 1766 2714 tamquam

68 2749 292 2794 nurum,
332 2733 668 2800 sequebatur.
761 2735 811 2788 O
850 2735 1054 2786 miserae
1093 2734 1337 2786 mulieris
1382 2732 1763 2786 fecunditatem

68 2818 469 2873 calamitosam!
545 2819 758 2873 Horum
796 2820 1125 2889 flagitiorum
1166 2820 1266 2874 iste
1307 2820 1543 2888 vestigiis
1584 2821 1764 2872 omnia

70 2905 385 2973 municipia,
408 2905 763 2973 praefecturas,
797 2907 1044 2971 colonias,
1074 2912 1246 2960 totam
1284 2906 1515 2975 denique
1548 2907 1762 2962 ltaliam

6 3047 7 3050 ,
68 2993 355 3061 impressit.

4 3079 46 3178 K
174 3081 262 3132 59.
321 3077 676 3146 Reliquorum
725 3078 989 3132 factorum
1038 3079 1173 3148 cjuS,
1235 3078 1417 3132 Patres
1463 3079 1763 3147 conscripti,

8 3177 23 3212 '-
68 3165 305 3219 difficilis
341 3172 420 3220 est
466 3183 591 3219 sanc
642 3166 981 3235 reprehensio
1019 3172 1075 3220 et
1120 3166 1340 3219 lubrica.
1415 3165 1671 3219 Versatus
1706 3167 1764 3219 in

69 3251 214 3305 bello
254 3258 370 3306 est:
419 3254 680 3306 saturavit
725 3270 781 3305 se
835 3253 1093 3321 sanguine
1140 3251 1622 3305 dissimillimorum
1679 3253 1762 3304 sui

67 3337 296 3390 civium.
370 3336 521 3389 Felix
562 3338 685 3402 fuit,
722 3338 767 3390 si
807 3345 981 3406 potest
1017 3337 1131 3390 ulla
1170 3338 1228 3389 in
1264 3337 1462 3390 scelere
1495 3354 1610 3390 csse
1645 3336 1764 3390 feli-

66 3423 216 3475 citas.
288 3421 406 3485 Sed,
456 3424 710 3489 quoniam
751 3423 1015 3476 veteranis
1064 3429 1288 3477 cautum
1330 3439 1440 3476 8888
1494 3423 1761 3486 volumus,

72 3525 409 3577 quamquam
455 3508 726 3562 dissimilis
771 3516 850 3562 est
900 3509 1139 3562 militum
1187 3525 1346 3563 causa
1390 3516 1445 3562 ct
1497 3515 1623 3562 tua:
1679 3507 1781 3584 illi!
