2307 3907
428 344 707 394 ORATIO
743 344 1162 393 PHILIPPICA
1196 344 1540 394 SECUNDA.
1767 345 1829 392 43

137 491 209 540 tu
244 485 405 539 illum
433 501 582 539 amas
611 482 928 538 mortuum?
997 485 1179 554 Quem
1208 485 1254 537 is
1282 484 1539 538 honorem
1569 483 1829 553 majorem

135 577 462 626 consecutus
483 576 613 635 erat,
639 586 804 638 quam
833 574 899 624 ιιι
927 569 1148 623 haberet
1173 569 1439 638 pulvinar,
1464 568 1831 633 simulacrum,

133 659 436 728 fastigium,
459 655 765 711 flaminem?
800 657 899 710 Est
922 674 1046 725 ergo
1069 657 1283 720 flamen,
1303 663 1367 709 ut
1389 657 1427 708 J
1429 655 1534 720 ovi,
1558 661 1622 708 ut
1647 654 1830 717 Marti,

134 747 211 797 ut
249 743 496 812 Quirino,
538 743 613 796 sic
652 742 774 796 divo
814 742 852 793 J
855 741 966 796 ulio
1008 742 1088 796 M.
1122 741 1406 803 Antonius.
1474 739 1621 808 Quid
1660 740 1831 808 igitur

24 848 81 896 7·-
136 828 350 883 cessas?
395 847 494 883 cur
523 847 633 883 non
664 827 1024 899 inaugurare?
1071 846 1226 883 sume
1260 829 1433 882 diem:
1470 828 1609 893 vide,
1645 828 1743 895 qui
1777 833 1830 880 te

21 902 28 910 ⁴
135 916 466 986 inauguret3
506 917 718 987 collegae
752 934 976 983 sumus3
1022 933 1181 970 nemo
1215 916 1450 985 negabit.
1520 916 1572 970 Ο
1606 916 1832 970 detesta-

138 1001 309 1055 bilem
331 1001 624 1067 hominem,
648 1002 758 1056 sive
783 1001 924 1071 quod
949 1001 1168 1069 tyranni
1194 1000 1432 1054 sacerdos
1454 1018 1527 1066 eS,
1552 1001 1661 1054 sive
1687 1001 1830 1070 quod

137 1087 376 1143 mortui!
446 1087 642 1153 Quaero
672 1088 934 1158 deinceps,
965 1105 1117 1154 num,
1152 1086 1442 1141 hodiernus
1472 1086 1583 1140 dies
1613 1087 1709 1155 qui
1742 1087 1828 1150 sit,

136 1173 393 1245 ignores?
438 1175 624 1242 nescis,
658 1175 777 1229 heri
817 1180 1074 1243 quartum
1107 1174 1166 1225 in
1199 1171 1356 1226 Circo
1396 1172 1539 1225 diem
1578 1171 1829 1236 ludorum

138 1260 510 1314 Romanorum
531 1258 732 1314 fuisse?
763 1265 819 1314 te
841 1264 1024 1313 autem
1046 1260 1226 1327 ipsum
1248 1258 1315 1312 ad
1338 1258 1602 1326 populum
1626 1257 1828 1321 tulisse,

136 1351 204 1399 ut
240 1345 465 1412 quintus
498 1352 752 1414 praeterea
781 1345 894 1398 dies
923 1343 1118 1397 Caesari
1145 1341 1507 1397 tribueretur?
1578 1342 1693 1395 Cur
1723 1359 1831 1395 non

137 1449 331 1487 sumus
353 1430 694 1500 praetextati?
743 1431 858 1484 Cur
884 1429 1144 1484 honorem
1169 1428 1364 1482 Caesari
1385 1433 1480 1482 tua
1502 1427 1618 1496 lege
1642 1427 1828 1481 datum

138 1517 312 1571 deseri
352 1516 626 1586 patimur?
667 1535 743 1581 ‚an
782 1517 1196 1586 supplicationes
1240 1515 1480 1569 addendo
1528 1515 1670 1569 diem
1705 1532 1830 1569 con-

138 1604 394 1658 taminari
416 1621 600 1673 passus
616 1621 701 1670 es3
730 1604 1033 1672 pulvinaria
1054 1602 1312 1657 noluisti?
1353 1603 1471 1656 Aut
1487 1603 1724 1671 undique
1747 1620 1830 1655 re-

138 1687 397 1757 ligionem
419 1689 565 1754 tolle,
590 1695 686 1743 aut
708 1705 1098 1757 usquequaque
1129 1706 1395 1742 conserva.
1443 1692 1560 1741 111.
1592 1688 1827 1757 Quaeres,

137 1774 416 1842 placeatne
438 1775 577 1828 mihi
598 1774 851 1843 pulvinar
872 1791 1002 1839 esse,
1024 1773 1322 1843 fastigium,
1345 1774 1637 1827 flaminem.
1687 1773 1830 1826 Mihi

139 1877 268 1913 vero
292 1859 430 1913 nihil
457 1861 686 1914 istorum
717 1860 906 1929 placet.
977 1860 1076 1913 Sed
1108 1867 1189 1925 tu,
1215 1859 1313 1929 qui
1345 1865 1463 1913 acta
1493 1858 1716 1935 Caesaris·
1740 1858 1829 1911 de-

136 1948 329 2015 fendiS‚
372 1949 504 2019 quid
549 1957 700 2019 potes
749 1948 938 2014 dicere,
980 1967 1078 2002 cur
1121 1948 1229 2003 alia
1273 1946 1539 2012 defendas,
1579 1947 1684 2001 alia
1722 1965 1830 2001 non

11 2030 51 2130 j
139 2035 332 2090 cures?
402 2036 525 2089 Nisi
557 2036 695 2090 forte
717 2037 800 2089 vis
833 2036 1006 2103 fateri,
1040 2042 1095 2090 te
1126 2036 1308 2089 omnia
1338 2040 1546 2103 quaestu
1576 2040 1688 2099 tuo,
1721 2053 1829 2090 non

138 2122 288 2176 illius
306 2122 562 2191 dignitate
576 2123 772 2176 metiri.
803 2122 950 2191 Quid
968 2123 1036 2176 ad
1049 2122 1164 2176 haec
1181 2120 1431 2175 tandem?
1464 2119 1829 2190 (—Exspecto

139 2210 289 2264 enim
322 2209 685 2278 eloquentiam
715 2215 883 2263 tuam.
955 2209 1380 2263 Disertissimum
1410 2208 1631 2276 cognovi
1664 2226 1829 2261 avum

138 2304 333 2352 tuum:
364 2302 421 2351 at
443 2301 497 2350 te
521 2297 684 2350 etiam
711 2298 1032 2366 apertiorem
1056 2298 1113 2349 in
1136 2294 1373 2349 dicendo.
1425 2293 1525 2346 Ille
1548 2311 1830 2362 nunquam

137 2383 322 2437 nudus
356 2388 436 2436 est
469 2383 839 2438 concionatus:
888 2390 1047 2438 tuum
1083 2382 1318 2437 hominis
1357 2382 1612 2449 simplicis
1644 2387 1831 2449 pectus

137 2467 487 2540 vidimus.—)
541 2468 969 2538 Respondebisne
992 2469 1059 2522 ad
1081 2466 1232 2521 haecz
1267 2472 1363 2522 aut
1385 2467 1602 2520 omnino
1626 2466 1828 2521 hiscere

138 2551 400 2610 audebis}
470 2553 679 2620 Ecquid
713 2555 942 2623 reperies
973 2571 1045 2608 ex
1079 2561 1194 2607 tam
1226 2552 1389 2621 longa
1421 2553 1657 2605 oratione
1688 2570 1826 2617 mea,

138 2640 233 2692 cui
264 2645 321 2692 te
354 2638 668 2707 respondere
704 2657 855 2708 posse
889 2638 1162 2694 confidas?
1233 2639 1334 2693 Sed
1372 2638 1640 2707 praeterita
1673 2638 1828 2691 omit-

139 2732 337 2779 tamus-

245 2809 449 2863 XLIV.
493 2813 608 2863 112.
654 2810 820 2865 Hunc
835 2828 1009 2865 unum
1027 2813 1188 2878 diem,
1212 2813 1358 2867 hunc
1375 2831 1566 2880 unum,
1582 2814 1827 2881 inquam,

138 2895 462 2950 hodiernum
484 2895 644 2960 diem,
667 2895 769 2950 hoc
793 2903 1057 2965 punctum
1079 2900 1352 2968 temporis,
1376 2916 1483 2968 quo
1506 2898 1714 2966 loquor,
1738 2898 1828 2951 de-

12 3011 27 3108 ?
140 2981 315 3047 fende,
348 2983 395 3035 si
426 2987 594 3051 potes.
663 2981 778 3036 Cur
803 2990 1135 3039 armatorum
1166 3001 1360 3038 corona
1389 2989 1602 3038 senatus
1631 2988 1828 3052 saeptus

12 3005 87 3212 ἐκ
142 3065 260 3120 est?
306 3084 405 3120 cur
448 3085 537 3121 me
582 3068 668 3120 tui
713 3068 967 3124 satellites
1012 3087 1137 3123 cum
1187 3069 1378 3138 gladiis
1416 3066 1684 3122 audiunt?
1732 3085 1830 3122 cur

136 3154 308 3207 valvae
333 3153 638 3209 Concordiae
661 3173 771 3209 non
791 3155 1011 3225 patent?
1046 3174 1144 3210 cur
1166 3156 1410 3210 homines
1432 3155 1677 3209 omnium
1700 3171 1828 3223 gen-

139 3242 284 3295 tium
314 3243 554 3302 maxime
584 3242 852 3308 barbaroS,
878 3243 1115 3311 Ityraeos,
1152 3259 1278 3295 cum
1302 3243 1507 3311 sagittis
1532 3241 1748 3295 deducis
1770 3242 1828 3293 in

140 3327 322 3381 forum
329 3326 662 3383 2-Praesidii
683 3330 768 3383 sui
789 3346 947 3383 causa
962 3347 1018 3383 se
1040 3328 1212 3384 facere
1230 3329 1636 3384 dicite—Nonne
1659 3328 1829 3396 igitur

142 3413 340 3468 millies
368 3414 543 3483 perire
577 3421 657 3469 est
689 3415 899 3482 melius,
932 3419 1105 3484 quam'
1128 3417 1189 3469 in
1225 3434 1322 3471 sua
1352 3417 1565 3470 civitate
1599 3415 1711 3468 sine
1745 3431 1828 3467 ar-

143 3504 415 3555 matorum
448 3501 692 3569 praesidio
730 3519 839 3557 non
876 3520 1028 3572 posse
1061 3501 1281 3558 vivere?
1350 3503 1451 3557 Sed
1490 3501 1707 3557 nullum
1747 3506 1827 3554 est

11 3599 25 3642 7
